2200 3784
542 154 689 266 xlii
784 180 789 183 ·
858 147 1715 239 PRAEFATIO.''

629 273 1099 353 Occurrunt
1125 269 1211 352 in
1234 274 1407 384 ejus
1433 264 1738 381 scriptis
1755 260 1881 348 vel
1904 262 2010 351 ab·

536 380 707 496 ipso
738 382 977 467 initio
1011 409 1140 467 tot
1172 380 1490 469 salebrae
1518 392 1604 468 &.
1633 376 2003 494 asperita-

536 520 657 580 tes
679 563 700 601 ,
735 496 840 579 ad
863 527 1059 613 quas
1072 495 1337 581 statim
1361 496 1585 581 velut
1607 493 1711 579 ad
1732 491 2017 610 scopu«

533 607 712 693 lum
746 609 1069 697 lestoris
1107 613 1425 695 animus
1463 607 1812 694 offendit
1841 677 1868 712 ,a
1913 633 2012 693 ut

533 725 836 809 mirum
880 720 1175 832 non'fit
1207 721 1627 842 plerosque
1666 722 1768 808 ab
1812 720 2006 806 illo-

531 868 715 923 rum
731 837 1085 926 lectione
1108 841 1509 927 deterreri.
1536 839 2003 940 Rhetorica,

529 956 663 1037 cui
720 985 855 1070 per
908 955 1298 1070 plurimos
1353 986 1613 1040 annos
1672 982 2001 1151 operam

528 1066 834 1155 dabant
869 1077 1242 1184 juvenes,
1279 1071 1380 1155 fic
1403 1069 1566 1154 fere
1594 1071 1682 1154 in
1744 1066 1998 1151 cholis

525 1183 742 1298 apud
803 1185 990 1271 illos
1049 1186 1540 1272 tm&abatur
1566 1253 1589 1288 ,
1653 1210 1746 1268 ut
1792 1179 1999 1265 olim

524 1297 742 1413 apud
780 1323 927 1384 nos
960 1299 1496 1416 Philosophia.
1544 1296 1764 1385 Cum
1796 1322 1882 1382 tu
1897 1326 2003 1383 nc

522 1411 787 1498 multa
823 1411 1014 1500 effer
1043 1417 1252 1501 inter
1287 1419 1682 1499 Rhetores
1702 1412 1803 1495 de
1824 1439 1995 1496 arte

524 1526 852 1612 dicendi
937 1530 1467 1616 controverfia
1550 1526 1998 1614 sententia-

521 1672 866 1758 rumque
904 1647 1238 1731 varietas
1270 1715 1292 1750 ,
1345 1643 1558 1735 &rin
1613 1672 2000 1758 magnam

508 1784 783 1842 rerum
822 1763 1310 1845 tenuitatem
1356 1756 1932 1845 descenderent
1969 1825 1995 1865 ,

518 1903 802 1956 eorum
848 1877 1259 1989 praeceptis
1291 1877 1609 1957 inerant
1640 1869 1997 1967 necessa-2

515 1986 638 2071 tio
657 1985 1023 2103 plurima:
1039 1985 1552 2089 subtilitates,
1565 2015 1744 2101 quae
1769 2015 2016 2071 nuncoe

515 2132 690 2186 non
725 2099 1049 2219 possunt
1080 2100 1485 2188 fastidium
1518 2133 1684 2187 non
1714 2131 1990 2187 move·

511 2247 624 2302 re.
660 2215 1043 2302 Praeterea
1071 2219 1335 2305 multa
1361 2216 1548 2304 sunt
1577 2214 1991 2303 abstrusio-

512 2362 603 2416 ra
622 2342 705 2418 δε
725 2331 1179 2450 difficiliora
1194 2405 1218 2442 ,
1238 2368 1416 2454 quae
1435 2362 1527 2420 ut
1542 2363 1988 2451 peromnes

510 2477 895 2534 numeros
939 2453 1260 2567 penitus
1309 2447 1833 2569 cognoscere,
1878 2448 1984 2535 ad

509 2559 913 2648 summam
973 2563 1326 2650 scientiae
1377 2595 1573 2652 tunc
1629 2560 1981 2649 necessa-.-

507 2678 721 2761 rium
751 2706 954 2768 erat,
994 2679 1110 2762 ita
1147 2711 1373 2764 nunc
1406 2676 1976 2794 incipientibus

511 2790 827 2876 brevius
868 2823 972 2877 ac·
1015 2793 1440 2912 simplicius
1480 2793 1686 2880 tradi
1721 2792 1978 2906 magis

508 2935 921 2993 convenit.

578 3060 583 3067 ·
620 3026 826 3106 Haec
844 3054 1025 3139 ego,
1051 3033 1136 3108 &
1158 3021 1311 3107 alia
1333 3019 1769 3134 ejusmodi,
1788 3050 1971 3136 qua:

506 3133 615 3220 ob
666 3138 1002 3224 nimiam
1044 3135 1618 3225 obscuritatem
1661 3134 1966 3254 pleros-

774 3306 813 3315 ..e
