2200 3784
571 90 1381 165 Pnooemmm.
1672 114 1719 184 7

213 224 558 302 aeqn0‚ac
580 200 779 275 bono
799 255 823 293 ,
860 222 1009 276 non
1039 202 1117 274 &
1140 202 1251 274 vir
1267 197 1591 296 peffimus
1615 199 1716 271 lo-

222 302 528 402 quitur?
575 298 764 395 Quis
823 323 995 387 nou
1035 299 1248 372 etiam
1299 296 1714 373 rusticorum

236 400 477 497 aliqua
513 399 606 473 de
656 396 874 472 caufis
921 396 1347 469 naturalibus
1396 396 1645 496 quaerit
1687 399 1718 471 ἓ

220 497 417 570 Nam
456 496 851 569 verborum
876 493 1271 591 proprietas
1291 519 1374 567 ac
1401 494 1719 568 differen-

221 595 329 669 tia
383 593 720 668 omnibus
771 594 893 693 qui
941 592 1334 683 sermlonem
1383 617 1565 669 curae
1604 594 1721 666 ha-

225 693 408 768 bent
434 748 458 785 ‚
490 692 711 766 debet
730 692 879 766 effe
902 691 1317 766 communis,
1369 693 1507 766 Sed
1533 717 1616 765 ea
1640 693 1720 764 δε

222 792 410 867 sciet
443 790 759 889 optime,
786 793 864 869 &
893 792 1265 890 eloquetur
1283 808 1530 865 orator
1552 818 1570 864 ε
1595 790 1719 892 qui

220 889 279 961 fi
329 888 569 962 fuiffet
618 888 1008 987 aliquando
1061 888 1406 985 perfeetus
1437 944 1461 980 ‚
1496 915 1639 963 non
1678 892 1720 963 a

228 987 831 1087 philosophorum
885 986 1136 1062 scholis
1196 987 1481 1061 virtutis
1548 1015 1720 1086 prae-

236 1102 940 1197 cepta-peterentur.
980 1086 1187 1160 Nunc
1216 1086 1485 1161 necesse
1515 1087 1615 1159 est
1632 1087 1720 1159 ad
1751 1106 1778 1141 ⁸
1895 1122 1900 1129 ·

236 1208 377 1259 eos
403 1183 784 1284 ahquando
808 1185 1128 1258 austeres
1156 1208 1518 1258 recurrere
1543 1241 1568 1277 ‚
1599 1184 1723 1284 qui

234 1281 599 1358 desertam
639 1283 771 1380 (ut
809 1282 952 1355 dixi
983 1285 1015 1382 )
1065 1300 1340 1380 partem
1392 1283 1724 1355 oratoriae

237 1381 419 1459 artis
447 1434 472 1473 ,
505 1382 874 1455 meliorem
903 1380 1310 1477 praesertim,
1332 1404 1725 1477 occupave-

235 1495 414 1553 runt
443 1479 571 1567 3&
595 1479 789 1553 velut
806 1477 1120 1550 nostrum
1140 1476 1507 1574 reposcere
1533 1504 1549 1549 :
1583 1500 1730 1549 non

237 1593 332 1650 ut
359 1599 495 1648 nos
526 1574 801 1649 illorum
830 1593 1114 1649 utamur
1141 1573 1477 1666 inventiS,
1499 1574 1618 1649 sed
1649 1591 1729 1646 ut

241 1671 423 1750 illos
465 1670 700 1747 alienis
725 1674 887 1748 usos
919 1672 1054 1747 effe
1085 1674 1494 1749 doceamus·

350 1769 457 1843 Sit
481 1769 684 1871 igitur
714 1789 961 1845 orator
985 1771 1095 1847 vir
1116 1770 1277 1846 talis
1297 1769 1570 1871 ,qualis
1602 1797 1732 1848 ve-

244 1868 338 1946 ῐὲ
367 1868 639 1968 sapiens
665 1870 1002 1968 appellari
1043 1869 1244 1967 poffit
1291 1898 1310 1944 ε
1356 1896 1487 1946 nec
1516 1871 1731 1944 mori-

248 1968 385 2045 bus
428 1968 654 2043 modi>
695 1967 1040 2066 perfestus
1077 2024 1100 2060 ‚
1161 1969 1195 2064 (
1234 1994 1395 2042 nam
1445 1968 1519 2041 id
1565 1994 1727 2052 mea

355 2066 547 2142 idem
578 2066 921 2166 opinione
942 2123 966 2160 ‚
999 2092 1401 2167 quanquam
1430 2068 1554 2140 fint
1583 2070 1710 2168 qui

303 2164 659 2240 iffentiant
689 2219 714 2258 ,
766 2164 928 2240 satis
963 2192 1112 2263 nen
1160 2165 1308 2267 est)
1343 2166 1459 2240 sed
1512 2167 1733 2240 etiam

242 2263 547 2338 scientia
580 2319 603 2355 ‚
645 2266 722 2340 &
767 2265 960 2337 omni
998 2265 1335 2341 facultate
1377 2264 1652 2341 dicendi
1702 2319 1729 2357 ,

244 2361 495 2459 qualis
529 2361 752 2435 adhuc
767 2362 1049 2439 fortass'e
1070 2388 1284 2438 nemo
1311 2362 1547 2436 fuerit.
1594 2364 1734 2436 Sed

254 2480 422 2531 non
448 2456 615 2530 ideo
632 2458 846 2535 minus
867 2462 1077 2537 nobis
1108 2463 1198 2536 ad
1229 2459 1567 2532 summam
1589 2476 1738 2532 ten-

252 2554 581 2628 ‘dendum
619 2550 716 2630 est
753 2587 772 2633 :
808 2561 1005 2660 quod
1046 2561 1375 2635 fecerunt
1416 2554 1734 2658 plerique

253 2670 588 2733 veterum
612 2683 636 2745 ;
675 2657 799 2757 qui
826 2658 949 2733 etfi
974 2660 1284 2733 nondum
1313 2682 1742 2758 quemquam

254 2753 647 2853 sapientem
696 2775 1053 2857 repertum
1102 2758 1511 2855 putabant,
1562 2783 1740 2855 prae-

253 2871 467 2951 cepta
531 2871 771 2928 tamen
842 2856 1197 2954 sapientiae
1264 2851 1727 2934 tradiderunt.

251 2953 440 3027 Nam
505 2951 607 3026 est
676 2955 869 3028 certe
919 2954 1182 3054 aliquid
1247 2953 1727 3053 consummata

255 3050 666 3149 eloquentia
694 3107 720 3149 ‚
753 3078 983 3154 neque
1026 3055 1115 3129 ad
1161 3070 1337 3222 ean)3
1357 3051 1730 3163 pervenire

1372 3174 1448 3227 tv
