2200 3784
527 128 683 224 ·416
791 125 900 199 L1
925 140 999 196 B.
1060 124 1203 195 VI.
1259 117 1484 195 CAP.
1520 120 1733 195 -111.

533 247 626 315 mi
633 244 956 337 sententia
977 288 1004 324 ,
1035 242 1248 334 Longe
1272 241 1312 308 ἓ
1345 237 1487 330 Qui
1513 239 2060 329 malamfaciem

531 345 716 411 habet
736 389 760 423 ,
791 340 948 407 liber
988 362 1123 407 non
1144 339 1225 435 est
1242 339 1282 406 ἒ

630 433 1013 510 vitandum
1039 431 1253 505 etiam
1277 452 1367 502 ne
1389 430 1731 527 petulans
1760 487 1787 523 ‚
1820 460 1933 508 ne
1954 434 2055 506 su·

533 532 830 628 perbum
847 584 872 621 ,
892 554 984 602 ne
1001 529 1172 602 loco
1192 583 1217 620 ,
1236 552 1325 601 ne
1342 530 1659 624 tempori
1680 530 2052 622 ahenum,

532 652 624 700 ne
657 646 1122 725 praeparatum
1150 680 1173 716 ‚
1203 629 1282 699 &
1307 623 1535 697 doxho
1578 627 1910 700 allatuin
1956 627 2049 702 vi·

534 725 788 797 deatur
811 778 835 816 ‚
863 724 1058 822 quod
1093 721 1418 796 dicimus·
1460 722 1654 794 Nam
1682 724 2069 799 adversius,

535 820 826 896 miseros
848 875 871 910 ,
895 820 1067 894 ficut
1091 818 1292 916 supr&
1306 818 1621 891 dixeram
1650 874 1678 909 ‚
1705 820 2048 896 inhuma-

536 943 670 991 nus
693 916 791 991 est
816 917 1041 1009 jocus.
1061 918 1198 989 Sed
1218 914 1505 1013 quidam
1519 915 1619 987 ita
1645 915 1828 990 sunt
1850 943 2044 994 rece·

536 1035 676 1113 ptae
705 1012 1180 1103 au&0ritatis,
1202 1015 1280 1084 δε
1306 1027 1495 1085 notae
1520 1016 2040 1105 verecundiae,

539 1130 619 1183 ut
645 1111 965 1183 nocitura
987 1108 1071 1181 fit
1097 1108 1173 1181 in
1210 1133 1339 1182 eos
1382 1107 1664 1182 dicendi
1699 1113 2044 1207 petulan-

537 1209 664 1286 tia.
683 1210 871 1282 Nam
891 1208 994 1280 de,
1012 1206 1255 1283 amicis
1274 1204 1415 1299 iam
1440 1224 1908 1304 praecepmm
1930 1208 2041 1282 est.

545 1352 562 1362 ·
634 1307 816 1379 muel
839 1330 988 1378 non
1009 1303 1107 1377 ad
1134 1304 1382 1376 orandi
1419 1304 1993 1382 fer&.confi1ium
2010 1355 2038 1391 ,

538 1404 660 1478 sed
683 1402 773 1475 ad
804 1402 1044 1477 omnia
1065 1401 1369 1499 'pertinet
1398 1407 1423 1489 ,’
1452 1425 1540 1472 ne
1566 1400 1884 1476 laceffat
1911 1406 2038 1476 hoc

540 1501 761 1573 modo
781 1555 806 1592 ,
859 1524 1070 1598 quem
1098 1499 1352 1571 laedere
1375 1497 1452 1568 fit
1493 1497 1994 1593 peticulosum
2016 1552 2039 1592 ,

542 1622 638 1671 ne
667 1615 788 1690 aut
811 1596 1191 1670 inimicitiae
1231 1618 1483 1692 graves
1517 1593 2039 1691 insequantur,

545 1712 669 1765 aut
712 1694 933 1790 turpis
959 1692 1353 1765 satisfaffio.
1380 1690 1568 1762 Male»,
1607 1694 1841 1764 etiam
1879 1692 2042 1768 dici·

545 1806 663 1862 tur
693 1843 718 1882 ,
748 1791 942 1889 quod
991 1788 1065 1860 in
1096 1789 1329 1887 plnres
1369 1788 1709 1861 convenit
1737 1840 1769 1874 ,
1823 1790 1876 1861 fi
1924 1808 2041 1864 aut

545 1888 874 1976 nationes
930 1891 1127 1960 totae‘
1162 1883 1576 1960 inceffanm
1600 1938 1623 1974 ,
1676 1904 1811 1960 aut
1843 1888 2041 1960 ordi-

547 1991 674 2055 ne's
700 2035 723 2071 ,
756 1999 877 2053 aut
913 1983 1239 2054 conditio
1265 2038 1288 2074 ‚
1333 2000 1452 2055 aut
1497 1980 1723 2055 studia
1768 1987 2038 2060 multo-

544 2102 725 2151 rum·
763 2077 1060 2189 Eazquae
1088 2080 1262 2151 dicit
1305 2079 1417 2153 vir
1455 2079 1727 2173 bonus,
1789 2084 2025 2155 omnia

549 2174 1117 2273 salvadigm'ta'te
1141 2202 1224 2250 ac
1268 2176 1699 2251 verecundia
1734 2180 2021 2254 decent.

549 2273 864 2347 Nimium
883 2272 1072 2346 enim
1094 2273 1268 2346 risus
1296 2272 1599 2371 pretium
1618 2274 1718 2348 est
1729 2326 1759 2362 ,
1786 2277 1839 2349 fi
1861 2301 2023 2375 pro-

550 2370 788 2446 bitatis
805 2370 1163 2468 impendio
1196 2368 1507 2450 constat..

580 2505 596 2542 ·.
639 2469 760 2540 Vl.
802 2467 1072 2540 UNDE
1105 2484 1342 2541 autem
1364 2465 1777 2542 concilietur
1799 2468 2019 2563 risuS,

555 2566 636 2637 δι
668 2564 920 2660 quibus
947 2564 1240 2640 e'xlocis
1276 2565 1418 2659 peti
1449 2564 1669 2637 soleat
1693 2618 1718 2654 ‚
1750 2562 2019 2644 difficil-

551 2662 799 2736 limum·
825 2660 920 2734 est
945 2661 1205 2735 dicere.
1230 2662 1412 2736 Nam
1430 2660 1478 2732 fi
1496 2660 1757 2757 species
1774 2685 2004 2738 omnes

554 2757 882 2856 persequi?
899 2757 1201 2834 velimus
1218 2813 1241 2849 ,
1263 2782 1391 2829 nec
1411 2758 1697 2829 modum
1717 2764 2019 2855 reperie-

556 2880 712 2932 mus
736 2910 760 2947 ,
820 2859 899 2930 &
931 2854 1173 2928 frustra
1227 2853 1727 2926 laborabimus·
1749 2906 1767 2925 .
1818 2857 2015 2931 Risus

557 2952 769 3051 igitur
803 2952 1125 3026 oriuntur
1161 2970 1280 3024 aut
1306 2976 1392 3023 ex
1417 2974 1718 3046 corpore
1752 2949 1899 3043 ejus
1942 2955 2016 3026 in

556 3073 774 3153 quem
799 3047 1093 3132 dicimus
1121 3074 1141 3122 t
1170 3065 1289 3120 aut
1321 3046 1672 3128 exanimo
1696 3100 1722 3140 ,
1747 3048 1862 3144 qui
1879 3048 2018 3126 fac-
