2200 3784
535 72 674 169 DE
751 69 1461 145 PARnrroNss.
1588 89 1729 173 279·

259 210 406 274 tres
432 188 938 290 propositiones
967 189 1370 265 extendere.
1401 192 1581 281 Quae
1594 187 1733 263 fine

177 309 181 322 ·
264 287 487 361 dubio
530 286 581 359 fi
608 286 896 362 nimitlm
927 286 1005 359 fit
1057 288 1424 386 multiplex
1448 341 1473 379 ,
1511 285 1736 384 fugiet

262 383 680 480 memoriam
720 383 1017 479 judicis,
1054 385 1135 459 δι
1174 385 1479 459 turbabit
1499 383 1740 458 inten-

263 483 753 560 tionem.,Hoc
778 498 1015 556 tamen
1040 506 1339 556 numero
1359 483 1554 559 velut
1574 482 1732 581 lege

262 606 413 662 non
432 579 529 654 est
547 578 887 679 alliganda
907 636 932 674 ,
948 584 1117 660 cnm,
1127 580 1330 679 poffit
1351 579 1550 656 causa
1574 580 1736 679 plu-

262 702 377 766 res
411 677 817 753 defiderare.

359 776 517 848 Alia
560 776 715 849 sunt
747 775 969 875 magis
1016 793 1312 876 propter
1338 801 1493 875 quae
1516 776 1735 877 parti-

260 872 458 948 tione
514 899 658 946 non
700 872 972 972 semper
1025 872 1107 945 fit
1157 876 1519 949 utendum.
1580 876 1734 947 Pri-

257 973 454 1046 mitm
478 1025 505 1061 ‚
536 971 699 1070 quia
727 972 1063 1070 pleraque
1108 972 1421 1070 gratiora
1456 972 1612 1047 sunt
1634 1027 1659 1064 ,
1683 972 1738 1050 fi

255 1067 550 1150 inventa
577 1068 810 1143 subito
840 1125 863 1163 ‚
910 1094 1043 1143 nec
1073 1072 1292 1143 domo
1325 1070 1536 1145 allata
1558 1126 1582 1161 ‚
1613 1065 1732 1164 sed

121 1193 136 1203 ²
216 1227 230 1234 -
260 1164 449 1244 inter
472 1166 842 1246 dicendum
870 1193 960 1240 ex
984 1168 1222 1275 reipsa
1253 1187 1417 1242 nata
1445 1169 1733 1243 videan-

185 1341 188 1342 t
258 1280 397 1343 tur.
442 1266 648 1339 Unde
686 1263 803 1337 illa
843 1288 988 1336 non
1017 1263 1394 1357 injucunda
1427 1264 1735 1339 schema-

259 1379 377 1436 ta:
416 1367 586 1434 Ρεπὲ
610 1364 854 1433 excidit
890 1363 1047 1430 mihi
1068 1388 1094 1432 .·
1125 1362 1204 1432 &
1226 1414 1250 1449 ‚
1293 1364 1566 1457 Fugerat
1590 1389 1686 1433 me
1703 1390 1736 1434 .-

261 1460 345 1530 &
364 1511 393 1545 ,
419 1462 603 1530 Κιὲἶὲ
617 1462 937 1531 admones.
960 1457 1337 1555 Propofitis
1358 1457 1545 1531 enim
1564 1482 1736 1557 pro-

259 1555 670 1630 bationibus
694 1611 719 1649 ,
764 1554 994 1629 omnis
1019 1554 1095 1627 in
1119 1554 1464 1655 reliquum
1509 1555 1734 1656 gratia

265 1652 612 1729 novitatis
644 1653 1125 1754 praecerpitur.
1282 1689 1287 1692 ·

350 1751 638 1834 Interim
670 1750 850 1829 vero
882 1750 1096 1825 etiam
1129 1749 1470 1827 fallendus
1505 1750 1603 1826 est
1627 1751 1737 1849 ju·

140 1909 146 1914 .
258 1847 452 1937 dex,
491 1851 568 1924 &
604 1849 814 1927 variis
859 1843 1130 1923 artibu's
1172 1849 1564 1925 subeundus
1596 1878 1615 1924 :
1649 1868 1731 1926 ut

257 1945 450 2021 aliud
483 1974 519 2021 a
571 1947 592 2020 i
619 2004 643 2042 ‚
675 1949 892 2048 quam·
907 1950 1102 2048 quod
1134 1949 1480 2048 petimus,
1500 1967 1732 2049 putet.

251 2044 323 2146 N
326 2070 440 2119 am
470 1974 569 2122 ei}
595 2072 1096 2147 nonnunquam
1122 2049 1291 2134 dura
1316 2047 1731 2148 propositio,
1798 2123 1807 2130 ,

251 2221 256 2226 ,
306 2170 467 2219 uam
497 2143 714 2240 judex
741 2146 794 2218 fi·
808 2146 1187 2245 providet,
1219 2172 1362 2221 non
1391 2148 1593 2222 aliter
1612 2170 1723 2219 re·

249 2169 583 2326 vpormidat
610 2297 634 2335 ‚
682 2246 890 2341 quam
943 2241 1065 2342 qui
1112 2243 1374 2316 ferrum
1424 2243 1730 2335 medici,

253 2356 632 2437 antequam
658 2357 944 2438 curetur
961 2395 986 2432 ‚
1008 2338 1297 2437 aspexit.
1316 2342 1407 2413 At
1422 2340 1470 2411 fi
1485 2366 1561 2413 re
1579 2365 1724 2414 non

248 2437 412 2508 ante
455 2436 850 2535 propofiffi,
894 2437 1249 2526 securum,
1285 2460 1368 2511 ae
1392 2438 1578 2533 nulla
1604 2438 1727 2509 de-

249 2533 690 2622 nuntiatione
733 2534 806 2609 in
827 2535 906 2609 se
936 2534 1395 2627 conversum,
1447 2532 1722 2632 intrarit

249 2633 486 2708 oratio
512 2683 539 2719 ,
566 2633 823 2710 efficiet
861 2632 1063 2735 quod
1101 2632 1543 2733 promittenti
1573 2656 1723 2712 non

252 2732 685 2807 crederetur.
758 2748 767 2760 ·

259 2913 268 2924 ,
349 2829 638 2903 Interim
662 2828 1066 2929 refugienda
1088 2856 1236 2906 non
1260 2830 1477 2906 modo
1499 2830 1734 2905 distin:

255 2924 390 3002 ἂίο
423 2927 875 3027 quaestionum
925 2928 1061 3021 est,
1106 2929 1225 3005 sed
1256 2930 1546 3006 omnino
1573 2946 1720 3001 tra-

257 3023 502 3103 &atim
537 3028 886 3104 affestibus
919 3029 1476 3127 perturbandus»,
1508 3031 1587 3106 &
1627 3026 1722 3101 ab
