2200 3784
5 153 31 230 21·
422 126 569 201 DE
640 129 1365 206 Arne-rmum
1512 148 1654 227 399

4 278 54 350 m·
131 243 474 342 quoties
523 244 939 345 perferimus
974 302 998 340 ,
1044 243 1464 347 ignoscimus
1492 298 1517 337 ,
1559 244 1660 320 sa-

141 342 579 419 tisfacimus
601 400 627 440 ,
649 370 1020 421 monemus
1047 400 1071 437 ‚
1107 346 1355 444 procul
1385 344 1476 418 ab
1503 343 1607 416 ira
1632 394 1660 434 ‚

150 443 449 539 procul
486 444 577 516 ab
605 444 797 518 odio,
837 445 973 520 Sed
1011 461 1249 518 tamen
1277 443 1414 517 alia
1444 440 1687 541 patris*

10 580 56 652 (Ε
151 539 529 634 adversus
575 541 797 615 filium
831 598 855 635 ‚
892 542 1148 616 tutoris
1184 540 1511 617 adversus
1541 564 1665 638 pu-

4 702 55 749 M
156 638 442 735 pillum
476 693 501 730 ‚
555 640 790 712 mariti
821 638 1155 724 adversus
1190 663 1487 713 uxorem
1518 661 1667 711 mo·

5 780 58 852 &m
159 734 478 812 deratio
520 738 642 813 est.
695 737 790 809 Hi
850 737 1035 812 enim
1108 764 1251 837 prae
1297 736 1367 811 se
1425 737 1661 810 ferunt

4 898 13 951 t
53 861 56 870 ’
159 858 449 914 ,eorum
478 835 516 906 a
546 835 796 934 quibus
832 837 1176 910 laeduntur
1198 888 1223 922 ,
1261 834 1671 920 caritatem5r

6 901 54 1051 ἕξ
159 957 430 1030 neque
474 932 616 1005 alio
647 935 863 1007 modo
899 935 1161 1009 invisos
1189 958 1315 1008 eos
1343 933 1606 1006 faciunt
1639 984 1665 1022 ‚

4 1077 50 1151 ok
158 1032 403 1129 quam
450 1032 642 1128 quod
679 1058 916 1106 amare
950 1032 1069 1131 ipfi
1104 1033 1454 1110 videntur.
1507 1029 1667 1103 Alia

21 1175 48 1249 ὦ
163 1130 355 1200 εἰιιη
382 1128 588 1204 senex
614 1131 1075 1206 adolescentis
1099 1186 1124 1223 ‚
1152 1125 1282 1205 alia
1314 1132 1472 1206 citm
1488 1152 1668 1214 con-

4 1207 57 1330 ἓξ
161 1227 447 1302 vitium
510 1229 837 1301 honestus
897 1228 1246 1301 inferioris
1300 1227 1460 1301 fert.
1527 1224 1665 1300 Hic

17 1309 44 1350 ²
165 1327 383 1402 enim
438 1329 714 1398 tantum
767 1326 1173 1420 concitari,
1236 1326 1383 1402 mic
1448 1323 1666 1401 etiam

163 1425 375 1500 affici
418 1425 666 1498 debeta-
694 1478 714 1499 .

270 1522 464 1597 Hinc
503 1522 719 1596 etiam
755 1521 874 1596 ille
916 1521 1151 1619 major
1184 1521 1273 1595 ad
1300 1522 1666 1597 concitan-

173 1619 361 1694 dum
395 1620 636 1694 odium
668 1621 855 1695 nasci
900 1621 1179 1694 affeEius
1224 1619 1401 1694 solet
1431 1673 1459 1707 ,
1504 1622 1665 1697 clun

169 1717 329 1792 hoc
359 1717 508 1817 ipso
537 1719 732 1818 quod
764 1746 893 1794 nos
926 1719 1347 1796 adversariis
1386 1718 1665 1792 submit-

171 1816 401 1892 timus
438 1874 462 1911 ,
495 1818 903 1916 intelligitur
954 1818 1166 1902 tacita
1225 1819 1662 1915 impotentiae

174 1917 671 2013 exprobratio,
700 1917 1024 2017 Namque
1046 1941 1173 1991 eos
1191 1940 1441 2015 graves
1459 1918 1536 1991 δι
1560 1916 1661 1989 in-

169 2014 599 2089 tolerabiles
626 2014 697 2088 id
718 2015 941 2114 ipsum
967 2014 1391 2089 demonstrat
1407 2070 1431 2107 ‚
1459 2013 1656 2114 quod

172 2113 496 2188 cedimus
531 2140 559 2204 3
599 2115 676 2188 δι
722 2114 1051 2213 ignorant
1085 2113 1320 2212 cupidi
1356 2113 1656 2188 maledi-

176 2213 391 2287 cendi
417 2225 456 2305 ‚’
480 2231 600 2285 aut
630 2213 1061 2285 affefitatores
1089 2211 1428 2286 libertatis
1445 2265 1472 2301 ‚
1495 2211 1652 2307 plus

91 2346 96 2353 ·
175 2309 523 2384 invidiam
562 2308 771 2406 quam
801 2307 1191 2384 convitium
1222 2308 1412 2403 poss'e
1442 2335 1459 2380 :
1487 2310 1667 2380 nans

175 2405 450 2481 invidia
511 2404 949 2481 adversarios
994 2456 1016 2488 ,
1073 2404 1466 2481 convitium
1514 2429 1646 2479 nos

174 2502 447 2579 invisos
495 2504 732 2581 facit..

279 2603 612 2703 Denique
638 2603 777 2676 hoc
809 2627 1018 2676 omne
1052 2659 1076 2696 ,
1113 2600 1377 2676 bonum
1409 2604 1486 2677 &
1521 2626 1647 2690 coq

173 2726 368 2778 mem
386 2702 621 2777 virum
648 2701 895 2800 poscit.
929 2704 1127 2795 Quas
1157 2702 1453 2777 virtutes
1485 2703 1645 2776 ctum

46 2809 52 2812 ’
177 2800 396 2875 etiam
415 2800 489 2874 in
506 2801 863 2900 litigatore
887 2800 1144 2875 debeat
1155 2800 1477 2892 orator‚fi
1490 2798 1647 2875 fieri

176 2898 407 2995 potest
436 2950 462 2986 ,
516 2901 906 2997 approbare
949 2954 973 2993 ‚
1027 2900 1269 2998 utique
1326 2900 1468 2998 ipse
1522 2913 1644 2971 aut

183 2998 487 3088 habeat,
519 3016 640 3072 aut
662 2998 924 3072 habere
956 2998 1308 3073 credatur.
1353 2999 1463 3073 Sic
1489 3020 1647 3094 pro·

184 3094 366 3171 derit
409 3096 783 3195 plurimitm
817 3095 1077 3194 cautis,
1119 3097 1375 3197 quibus
1408 3120 1498 3198 ez}
1523 3094 1643 3186 sua
