<?xml version="1.0" encoding="UTF-8"?>
<!DOCTYPE html PUBLIC "-//W3C//DTD XHTML 1.0 Transitional//EN"
    "http://www.w3.org/TR/xhtml1/DTD/xhtml1-transitional.dtd">
<html xmlns="http://www.w3.org/1999/xhtml" xml:lang="en" lang="en">
 <head>
  <title>
</title>
<meta http-equiv="Content-Type" content="text/html;charset=utf-8" />
  <meta name='ocr-system' content='tesseract 3.04.00' />
  <meta name='ocr-capabilities' content='ocr_page ocr_carea ocr_par ocr_line ocrx_word'/>
</head>
<body>
  <div class='ocr_page' id='page_1' title='image "./marcifabiiquint00unkngoog_0224.png"; bbox 0 0 2200 3784; ppageno 0'>
   <div class='ocr_carea' id='block_1_1' title="bbox 463 129 1738 236">
    <p class='ocr_par' dir='ltr' id='par_1_1' title="bbox 463 129 1738 236">
     <span class='ocr_line' id='line_1_1' title="bbox 463 129 1738 236; baseline 0.003 -31"><span class='ocrx_word' id='word_1_1' title='bbox 463 155 603 236; x_wconf 79' lang='lat'>¹52</span> <span class='ocrx_word' id='word_1_2' title='bbox 655 135 859 207; x_wconf 71' lang='lat' dir='ltr'>Lm.</span> <span class='ocrx_word' id='word_1_3' title='bbox 919 133 1024 205; x_wconf 89' lang='lat'>11.</span> <span class='ocrx_word' id='word_1_4' title='bbox 1113 129 1346 208; x_wconf 79' lang='lat' dir='ltr'><strong>C&#39;AP.</strong></span> <span class='ocrx_word' id='word_1_5' title='bbox 1416 130 1738 210; x_wconf 79' lang='lat' dir='ltr'><strong>xV-m.</strong></span> 
     </span>
    </p>
   </div>
   <div class='ocr_carea' id='block_1_2' title="bbox 358 252 2072 2908">
    <p class='ocr_par' dir='ltr' id='par_1_2' title="bbox 454 252 1963 1017">
     <span class='ocr_line' id='line_1_2' title="bbox 457 252 1939 354; baseline 0.001 -22"><span class='ocrx_word' id='word_1_6' title='bbox 457 281 606 332; x_wconf 79' lang='lat' dir='ltr'>non</span> <span class='ocrx_word' id='word_1_7' title='bbox 628 254 800 352; x_wconf 78' lang='lat' dir='ltr'>ergb</span> <span class='ocrx_word' id='word_1_8' title='bbox 819 253 1057 327; x_wconf 79' lang='lat' dir='ltr'>falsam</span> <span class='ocrx_word' id='word_1_9' title='bbox 1079 252 1295 327; x_wconf 82' lang='lat' dir='ltr'>habet</span> <span class='ocrx_word' id='word_1_10' title='bbox 1316 253 1459 352; x_wconf 89' lang='lat' dir='ltr'>ipse</span> <span class='ocrx_word' id='word_1_11' title='bbox 1486 255 1895 354; x_wconf 71' lang='lat' dir='ltr'>opinionem</span> <span class='ocrx_word' id='word_1_12' title='bbox 1911 309 1939 350; x_wconf 86' lang='lat'><strong>,</strong></span> 
     </span>
     <span class='ocr_line' id='line_1_3' title="bbox 460 350 1963 430; baseline -0.001 0"><span class='ocrx_word' id='word_1_13' title='bbox 460 355 581 430; x_wconf 83' lang='lat' dir='ltr'>sed</span> <span class='ocrx_word' id='word_1_14' title='bbox 599 352 778 429; x_wconf 82' lang='lat' dir='ltr'>fallit</span> <span class='ocrx_word' id='word_1_15' title='bbox 801 350 1041 425; x_wconf 83' lang='lat' dir='ltr'>alium.</span> <span class='ocrx_word' id='word_1_16' title='bbox 1068 352 1224 425; x_wconf 89' lang='lat' dir='ltr'>Nec</span> <span class='ocrx_word' id='word_1_17' title='bbox 1258 353 1517 426; x_wconf 88' lang='lat' dir='ltr'>Cicero</span> <span class='ocrx_word' id='word_1_18' title='bbox 1550 355 1709 428; x_wconf 64' lang='lat' dir='ltr'>cnm</span> <span class='ocrx_word' id='word_1_19' title='bbox 1738 355 1805 429; x_wconf 83' lang='lat' dir='ltr'>se</span> <span class='ocrx_word' id='word_1_20' title='bbox 1833 371 1963 428; x_wconf 78' lang='lat' dir='ltr'>te·‘</span> 
     </span>
     <span class='ocr_line' id='line_1_4' title="bbox 460 446 1949 544; baseline 0.001 -20"><span class='ocrx_word' id='word_1_21' title='bbox 460 451 712 524; x_wconf 81' lang='lat' dir='ltr'>nebras</span> <span class='ocrx_word' id='word_1_22' title='bbox 779 446 1091 522; x_wconf 82' lang='lat' dir='ltr'>offudiffe</span> <span class='ocrx_word' id='word_1_23' title='bbox 1167 448 1511 544; x_wconf 74' lang='lat' dir='ltr'>judicibus</span> <span class='ocrx_word' id='word_1_24' title='bbox 1587 452 1662 523; x_wconf 89' lang='lat' dir='ltr'>in</span> <span class='ocrx_word' id='word_1_25' title='bbox 1740 452 1949 541; x_wconf 77' lang='lat' dir='ltr'>causa</span> 
     </span>
     <span class='ocr_line' id='line_1_5' title="bbox 457 545 1945 645; baseline 0.004 -24"><span class='ocrx_word' id='word_1_26' title='bbox 457 545 778 621; x_wconf 86' lang='lat' dir='ltr'><strong>Cluentii</strong></span> <span class='ocrx_word' id='word_1_27' title='bbox 813 545 1156 645; x_wconf 84' lang='lat' dir='ltr'>gloriatus</span> <span class='ocrx_word' id='word_1_28' title='bbox 1185 545 1284 620; x_wconf 84' lang='lat' dir='ltr'>est</span> <span class='ocrx_word' id='word_1_29' title='bbox 1310 602 1334 640; x_wconf 86' lang='lat'>‚</span> <span class='ocrx_word' id='word_1_30' title='bbox 1367 548 1584 621; x_wconf 87' lang='lat' dir='ltr'>nihili</span> <span class='ocrx_word' id='word_1_31' title='bbox 1629 549 1702 623; x_wconf 86' lang='lat' dir='ltr'>se</span> <span class='ocrx_word' id='word_1_32' title='bbox 1731 551 1945 627; x_wconf 81' lang='lat' dir='ltr'>vidit.</span> 
     </span>
     <span class='ocr_line' id='line_1_6' title="bbox 454 643 1946 743; baseline 0.001 -24"><span class='ocrx_word' id='word_1_33' title='bbox 454 646 548 719; x_wconf 85' lang='lat' dir='ltr'>Et</span> <span class='ocrx_word' id='word_1_34' title='bbox 586 643 806 743; x_wconf 68' lang='lat' dir='ltr'>pistor</span> <span class='ocrx_word' id='word_1_35' title='bbox 843 646 1003 721; x_wconf 73' lang='lat' dir='ltr'>ciun</span> <span class='ocrx_word' id='word_1_36' title='bbox 1030 645 1107 721; x_wconf 84' lang='lat' dir='ltr'>vi</span> <span class='ocrx_word' id='word_1_37' title='bbox 1142 646 1311 718; x_wconf 86' lang='lat' dir='ltr'>artis</span> <span class='ocrx_word' id='word_1_38' title='bbox 1341 645 1475 717; x_wconf 83' lang='lat' dir='ltr'>suae</span> <span class='ocrx_word' id='word_1_39' title='bbox 1518 671 1557 719; x_wconf 90' lang='lat' dir='ltr'>e</span> <span class='ocrx_word' id='word_1_40' title='bbox 1612 647 1752 721; x_wconf 89' lang='lat' dir='ltr'>ecit</span> <span class='ocrx_word' id='word_1_41' title='bbox 1776 704 1801 740; x_wconf 92' lang='lat'><strong><em>‚</em></strong></span> <span class='ocrx_word' id='word_1_42' title='bbox 1858 662 1946 722; x_wconf 90' lang='lat' dir='ltr'>ut</span> 
     </span>
     <span class='ocr_line' id='line_1_7' title="bbox 465 742 1949 841; baseline 0.002 -25"><span class='ocrx_word' id='word_1_43' title='bbox 465 742 787 841; x_wconf 72' lang='lat' dir='ltr'>quaedam</span> <span class='ocrx_word' id='word_1_44' title='bbox 840 742 1148 817; x_wconf 84' lang='lat' dir='ltr'>eminere</span> <span class='ocrx_word' id='word_1_45' title='bbox 1193 742 1268 814; x_wconf 88' lang='lat' dir='ltr'>in</span> <span class='ocrx_word' id='word_1_46' title='bbox 1313 767 1533 840; x_wconf 83' lang='lat' dir='ltr'>opere</span> <span class='ocrx_word' id='word_1_47' title='bbox 1557 795 1584 830; x_wconf 87' lang='lat'><strong><em>,</em></strong></span> <span class='ocrx_word' id='word_1_48' title='bbox 1609 747 1949 841; x_wconf 72' lang='lat' dir='ltr'>quaedam</span> 
     </span>
     <span class='ocr_line' id='line_1_8' title="bbox 466 839 1950 941; baseline 0.002 -26"><span class='ocrx_word' id='word_1_49' title='bbox 466 840 806 915; x_wconf 83' lang='lat' dir='ltr'>receffiffe</span> <span class='ocrx_word' id='word_1_50' title='bbox 853 841 1262 935; x_wconf 65' lang='lat' dir='ltr'>credamuS,</span> <span class='ocrx_word' id='word_1_51' title='bbox 1289 839 1433 941; x_wconf 88' lang='lat' dir='ltr'>ipse</span> <span class='ocrx_word' id='word_1_52' title='bbox 1469 865 1553 915; x_wconf 86' lang='lat' dir='ltr'>ea</span> <span class='ocrx_word' id='word_1_53' title='bbox 1581 843 1780 940; x_wconf 79' lang='lat' dir='ltr'>plana</span> <span class='ocrx_word' id='word_1_54' title='bbox 1803 843 1950 918; x_wconf 84' lang='lat' dir='ltr'>effe</span> 
     </span>
     <span class='ocr_line' id='line_1_9' title="bbox 465 937 903 1017; baseline -0.009 0"><span class='ocrx_word' id='word_1_55' title='bbox 465 961 619 1017; x_wconf 69' lang='lat' dir='ltr'>aon</span> <span class='ocrx_word' id='word_1_56' title='bbox 659 937 903 1013; x_wconf 86' lang='lat' dir='ltr'>nescit.</span> 
     </span>
    </p>

    <p class='ocr_par' dir='ltr' id='par_1_3' title="bbox 358 1035 2072 2908">
     <span class='ocr_line' id='line_1_10' title="bbox 564 1035 1955 1111; baseline 0.001 -2"><span class='ocrx_word' id='word_1_57' title='bbox 564 1036 782 1110; x_wconf 82' lang='lat' dir='ltr'>Aiunt</span> <span class='ocrx_word' id='word_1_58' title='bbox 810 1036 1059 1111; x_wconf 83' lang='lat' dir='ltr'>etiam:</span> <span class='ocrx_word' id='word_1_59' title='bbox 1088 1038 1362 1110; x_wconf 83' lang='lat' dir='ltr'><strong>Omnes</strong></span> <span class='ocrx_word' id='word_1_60' title='bbox 1382 1036 1842 1111; x_wconf 82' lang='lat' dir='ltr'>arteshabere</span> <span class='ocrx_word' id='word_1_61' title='bbox 1871 1035 1955 1110; x_wconf 84' lang='lat' dir='ltr'>fi-</span> 
     </span>
     <span class='ocr_line' id='line_1_11' title="bbox 463 1134 1956 1237; baseline -0.002 -25"><span class='ocrx_word' id='word_1_62' title='bbox 463 1160 634 1212; x_wconf 83' lang='lat' dir='ltr'>nem</span> <span class='ocrx_word' id='word_1_63' title='bbox 659 1134 964 1233; x_wconf 80' lang='lat' dir='ltr'>aliquem</span> <span class='ocrx_word' id='word_1_64' title='bbox 984 1134 1452 1232; x_wconf 73' lang='lat' dir='ltr'>propositum,</span> <span class='ocrx_word' id='word_1_65' title='bbox 1469 1136 1558 1209; x_wconf 88' lang='lat' dir='ltr'>ad</span> <span class='ocrx_word' id='word_1_66' title='bbox 1575 1159 1785 1237; x_wconf 82' lang='lat' dir='ltr'>quem</span> <span class='ocrx_word' id='word_1_67' title='bbox 1803 1150 1956 1209; x_wconf 80' lang='lat' dir='ltr'>ten·</span> 
     </span>
     <span class='ocr_line' id='line_1_12' title="bbox 465 1230 1958 1309; baseline -0.001 -1"><span class='ocrx_word' id='word_1_68' title='bbox 465 1235 639 1309; x_wconf 83' lang='lat' dir='ltr'>dant</span> <span class='ocrx_word' id='word_1_69' title='bbox 661 1262 678 1309; x_wconf 75' lang='lat' dir='ltr'>t</span> <span class='ocrx_word' id='word_1_70' title='bbox 704 1233 888 1308; x_wconf 88' lang='lat' dir='ltr'>hunc</span> <span class='ocrx_word' id='word_1_71' title='bbox 906 1230 1127 1306; x_wconf 73' lang='lat' dir='ltr'>modb</span> <span class='ocrx_word' id='word_1_72' title='bbox 1155 1231 1424 1305; x_wconf 87' lang='lat' dir='ltr'>nullum</span> <span class='ocrx_word' id='word_1_73' title='bbox 1445 1233 1588 1309; x_wconf 78' lang='lat' dir='ltr'>effe</span> <span class='ocrx_word' id='word_1_74' title='bbox 1614 1233 1690 1307; x_wconf 89' lang='lat' dir='ltr'>in</span> <span class='ocrx_word' id='word_1_75' title='bbox 1707 1233 1958 1307; x_wconf 87' lang='lat' dir='ltr'>rheto-</span> 
     </span>
     <span class='ocr_line' id='line_1_13' title="bbox 469 1329 1959 1445; baseline -0.003 -36"><span class='ocrx_word' id='word_1_76' title='bbox 469 1331 619 1410; x_wconf 80' lang='lat' dir='ltr'>rice</span> <span class='ocrx_word' id='word_1_77' title='bbox 640 1385 662 1426; x_wconf 88' lang='lat'><strong>,</strong></span> <span class='ocrx_word' id='word_1_78' title='bbox 687 1330 908 1406; x_wconf 70' lang='lat' dir='ltr'>modb</span> <span class='ocrx_word' id='word_1_79' title='bbox 949 1353 1095 1402; x_wconf 88' lang='lat' dir='ltr'>non</span> <span class='ocrx_word' id='word_1_80' title='bbox 1123 1329 1427 1427; x_wconf 74' lang='lat' dir='ltr'>praestari</span> <span class='ocrx_word' id='word_1_81' title='bbox 1456 1356 1622 1406; x_wconf 85' lang='lat' dir='ltr'>eum</span> <span class='ocrx_word' id='word_1_82' title='bbox 1644 1331 1766 1445; x_wconf 80' lang='lat' dir='ltr'>qui</span> <span class='ocrx_word' id='word_1_83' title='bbox 1790 1355 1959 1431; x_wconf 88' lang='lat' dir='ltr'><strong>pro·</strong></span> 
     </span>
     <span class='ocr_line' id='line_1_14' title="bbox 468 1427 2017 1505; baseline 0 0"><span class='ocrx_word' id='word_1_84' title='bbox 468 1431 821 1505; x_wconf 86' lang='lat' dir='ltr'>mittatur.</span> <span class='ocrx_word' id='word_1_85' title='bbox 868 1427 1335 1504; x_wconf 75' lang='lat' dir='ltr'>Mentiuntur.</span> <span class='ocrx_word' id='word_1_86' title='bbox 1369 1430 1529 1503; x_wconf 88' lang='lat' dir='ltr'>Nos</span> <span class='ocrx_word' id='word_1_87' title='bbox 1581 1456 1766 1504; x_wconf 87' lang='lat' dir='ltr'>emm</span> <span class='ocrx_word' id='word_1_88' title='bbox 1806 1429 1949 1505; x_wconf 78' lang='lat' dir='ltr'>effe</span> <span class='ocrx_word' id='word_1_89' title='bbox 2011 1431 2017 1441; x_wconf 78' lang='lat'><em>‘</em></span> 
     </span>
     <span class='ocr_line' id='line_1_15' title="bbox 470 1525 1960 1627; baseline -0.003 -22"><span class='ocrx_word' id='word_1_90' title='bbox 470 1528 844 1624; x_wconf 86' lang='lat' dir='ltr'>finemjam</span> <span class='ocrx_word' id='word_1_91' title='bbox 873 1525 1329 1623; x_wconf 83' lang='lat' dir='ltr'>ostendimus,</span> <span class='ocrx_word' id='word_1_92' title='bbox 1362 1533 1442 1604; x_wconf 88' lang='lat'>&amp;</span> <span class='ocrx_word' id='word_1_93' title='bbox 1466 1529 1623 1627; x_wconf 89' lang='lat' dir='ltr'>quis</span> <span class='ocrx_word' id='word_1_94' title='bbox 1653 1528 1821 1602; x_wconf 85' lang='lat' dir='ltr'>effet</span> <span class='ocrx_word' id='word_1_95' title='bbox 1844 1527 1960 1601; x_wconf 90' lang='lat' dir='ltr'>di-</span> 
     </span>
     <span class='ocr_line' id='line_1_16' title="bbox 472 1624 1953 1726; baseline -0.002 -23"><span class='ocrx_word' id='word_1_96' title='bbox 472 1629 734 1703; x_wconf 75' lang='lat' dir='ltr'>ximus,</span> <span class='ocrx_word' id='word_1_97' title='bbox 768 1624 1115 1700; x_wconf 71' lang='lat' dir='ltr'>Praestabit</span> <span class='ocrx_word' id='word_1_98' title='bbox 1135 1624 1319 1702; x_wconf 86' lang='lat' dir='ltr'>hunc</span> <span class='ocrx_word' id='word_1_99' title='bbox 1350 1626 1624 1726; x_wconf 86' lang='lat' dir='ltr'>semper</span> <span class='ocrx_word' id='word_1_100' title='bbox 1653 1642 1897 1701; x_wconf 85' lang='lat' dir='ltr'>orator</span> <span class='ocrx_word' id='word_1_101' title='bbox 1930 1636 1953 1701; x_wconf 70' lang='grc' dir='ltr'><strong>ὲ</strong></span> 
     </span>
     <span class='ocr_line' id='line_1_17' title="bbox 471 1723 2072 1825; baseline -0.002 -22"><span class='ocrx_word' id='word_1_102' title='bbox 471 1726 751 1825; x_wconf 82' lang='lat' dir='ltr'>semper</span> <span class='ocrx_word' id='word_1_103' title='bbox 765 1723 951 1799; x_wconf 87' lang='lat' dir='ltr'>enim</span> <span class='ocrx_word' id='word_1_104' title='bbox 968 1723 1152 1797; x_wconf 87' lang='lat' dir='ltr'>bene</span> <span class='ocrx_word' id='word_1_105' title='bbox 1169 1724 1383 1798; x_wconf 88' lang='lat' dir='ltr'>dicet.</span> <span class='ocrx_word' id='word_1_106' title='bbox 1401 1726 1703 1799; x_wconf 88' lang='lat' dir='ltr'>Firmum</span> <span class='ocrx_word' id='word_1_107' title='bbox 1725 1743 1968 1800; x_wconf 85' lang='lat' dir='ltr'>autem</span> <span class='ocrx_word' id='word_1_108' title='bbox 2065 1733 2072 1738; x_wconf 85' lang='grc'><strong><em>’</em></strong></span> 
     </span>
     <span class='ocr_line' id='line_1_18' title="bbox 473 1820 1971 1922; baseline -0.001 -24"><span class='ocrx_word' id='word_1_109' title='bbox 473 1825 620 1900; x_wconf 88' lang='lat' dir='ltr'>hoc</span> <span class='ocrx_word' id='word_1_110' title='bbox 650 1823 843 1922; x_wconf 89' lang='lat' dir='ltr'>quod</span> <span class='ocrx_word' id='word_1_111' title='bbox 866 1820 1255 1918; x_wconf 77' lang='lat' dir='ltr'>opponitur·</span> <span class='ocrx_word' id='word_1_112' title='bbox 1271 1876 1295 1914; x_wconf 88' lang='lat'><strong>,</strong></span> <span class='ocrx_word' id='word_1_113' title='bbox 1312 1824 1655 1898; x_wconf 71' lang='lat' dir='ltr'>adversus</span> <span class='ocrx_word' id='word_1_114' title='bbox 1676 1849 1802 1899; x_wconf 87' lang='lat' dir='ltr'>eos</span> <span class='ocrx_word' id='word_1_115' title='bbox 1825 1822 1971 1898; x_wconf 82' lang='lat' dir='ltr'>for-</span> 
     </span>
     <span class='ocr_line' id='line_1_19' title="bbox 358 1917 1976 2018; baseline -0.001 -19"><span class='ocrx_word' id='word_1_116' title='bbox 358 1942 381 1965; x_wconf 76' lang='lat'><strong>·</strong></span> <span class='ocrx_word' id='word_1_117' title='bbox 424 1949 431 1954; x_wconf 74' lang='grc'><em>“</em></span> <span class='ocrx_word' id='word_1_118' title='bbox 473 1921 648 2000; x_wconf 71' lang='lat' dir='ltr'>taffe</span> <span class='ocrx_word' id='word_1_119' title='bbox 677 1921 757 1993; x_wconf 86' lang='lat' dir='ltr'>fit</span> <span class='ocrx_word' id='word_1_120' title='bbox 779 1976 802 2012; x_wconf 87' lang='lat'><strong>,</strong></span> <span class='ocrx_word' id='word_1_121' title='bbox 833 1919 954 2016; x_wconf 88' lang='lat' dir='ltr'>qui</span> <span class='ocrx_word' id='word_1_122' title='bbox 977 1917 1395 2015; x_wconf 84' lang='lat' dir='ltr'>persuadere</span> <span class='ocrx_word' id='word_1_123' title='bbox 1425 1919 1639 1994; x_wconf 83' lang='lat' dir='ltr'>finem</span> <span class='ocrx_word' id='word_1_124' title='bbox 1664 1940 1976 2018; x_wconf 82' lang='lat' dir='ltr'>putave-</span> 
     </span>
     <span class='ocr_line' id='line_1_20' title="bbox 476 2015 1969 2115; baseline -0.003 -21"><span class='ocrx_word' id='word_1_125' title='bbox 476 2036 668 2094; x_wconf 87' lang='lat' dir='ltr'>runt.</span> <span class='ocrx_word' id='word_1_126' title='bbox 695 2015 951 2090; x_wconf 86' lang='lat' dir='ltr'>Noster</span> <span class='ocrx_word' id='word_1_127' title='bbox 977 2031 1223 2087; x_wconf 76' lang='lat' dir='ltr'>orator</span> <span class='ocrx_word' id='word_1_128' title='bbox 1250 2069 1273 2105; x_wconf 90' lang='lat'><strong>,</strong></span> <span class='ocrx_word' id='word_1_129' title='bbox 1295 2015 1545 2115; x_wconf 53' lang='lat' dir='ltr'>arsque</span> <span class='ocrx_word' id='word_1_130' title='bbox 1592 2017 1634 2090; x_wconf 69' lang='grc' dir='ltr'>ὲ</span> <span class='ocrx_word' id='word_1_131' title='bbox 1654 2019 1859 2103; x_wconf 75' lang='lat' dir='ltr'>nohis</span> <span class='ocrx_word' id='word_1_132' title='bbox 1879 2019 1969 2090; x_wconf 84' lang='lat' dir='ltr'>fi-</span> 
     </span>
     <span class='ocr_line' id='line_1_21' title="bbox 479 2110 1970 2210; baseline 0.001 -18"><span class='ocrx_word' id='word_1_133' title='bbox 479 2116 635 2194; x_wconf 85' lang='lat' dir='ltr'>nita</span> <span class='ocrx_word' id='word_1_134' title='bbox 654 2172 678 2208; x_wconf 84' lang='lat'><strong><em>‚</em></strong></span> <span class='ocrx_word' id='word_1_135' title='bbox 694 2139 847 2188; x_wconf 80' lang='lat' dir='ltr'>non</span> <span class='ocrx_word' id='word_1_136' title='bbox 871 2112 1024 2188; x_wconf 85' lang='lat' dir='ltr'>sunt</span> <span class='ocrx_word' id='word_1_137' title='bbox 1053 2110 1273 2210; x_wconf 86' lang='lat' dir='ltr'>pofita</span> <span class='ocrx_word' id='word_1_138' title='bbox 1300 2114 1374 2187; x_wconf 88' lang='lat' dir='ltr'>in</span> <span class='ocrx_word' id='word_1_139' title='bbox 1395 2132 1684 2192; x_wconf 86' lang='lat' dir='ltr'>eventu.</span> <span class='ocrx_word' id='word_1_140' title='bbox 1700 2114 1970 2193; x_wconf 82' lang='lat' dir='ltr'>Tendit</span> 
     </span>
     <span class='ocr_line' id='line_1_22' title="bbox 479 2211 1971 2318; baseline 0.003 -30"><span class='ocrx_word' id='word_1_141' title='bbox 479 2215 772 2318; x_wconf 86' lang='lat' dir='ltr'>quidem</span> <span class='ocrx_word' id='word_1_142' title='bbox 805 2214 894 2288; x_wconf 86' lang='lat' dir='ltr'>ad</span> <span class='ocrx_word' id='word_1_143' title='bbox 909 2211 1281 2292; x_wconf 60' lang='lat' dir='ltr'>victoria-m</span> <span class='ocrx_word' id='word_1_144' title='bbox 1298 2213 1419 2316; x_wconf 87' lang='lat' dir='ltr'>qui</span> <span class='ocrx_word' id='word_1_145' title='bbox 1439 2213 1644 2291; x_wconf 84' lang='lat' dir='ltr'>dicit:</span> <span class='ocrx_word' id='word_1_146' title='bbox 1667 2216 1785 2291; x_wconf 87' lang='lat' dir='ltr'>sed</span> <span class='ocrx_word' id='word_1_147' title='bbox 1807 2217 1971 2293; x_wconf 65' lang='lat' dir='ltr'>cum</span> 
     </span>
     <span class='ocr_line' id='line_1_23' title="bbox 481 2312 1972 2416; baseline -0.003 -24"><span class='ocrx_word' id='word_1_148' title='bbox 481 2317 668 2399; x_wconf 84' lang='lat' dir='ltr'>bene</span> <span class='ocrx_word' id='word_1_149' title='bbox 693 2314 869 2389; x_wconf 82' lang='lat' dir='ltr'>dixit</span> <span class='ocrx_word' id='word_1_150' title='bbox 883 2370 908 2409; x_wconf 84' lang='lat'><strong><em>‚</em></strong></span> <span class='ocrx_word' id='word_1_151' title='bbox 926 2312 1191 2389; x_wconf 80' lang='lat' dir='ltr'>etiamfi</span> <span class='ocrx_word' id='word_1_152' title='bbox 1207 2339 1353 2388; x_wconf 87' lang='lat' dir='ltr'>non</span> <span class='ocrx_word' id='word_1_153' title='bbox 1375 2312 1619 2391; x_wconf 87' lang='lat' dir='ltr'>vincat</span> <span class='ocrx_word' id='word_1_154' title='bbox 1636 2371 1660 2409; x_wconf 89' lang='lat'><strong>,</strong></span> <span class='ocrx_word' id='word_1_155' title='bbox 1678 2315 1751 2389; x_wconf 89' lang='lat' dir='ltr'>id</span> <span class='ocrx_word' id='word_1_156' title='bbox 1773 2317 1972 2416; x_wconf 88' lang='lat' dir='ltr'>quod</span> 
     </span>
     <span class='ocr_line' id='line_1_24' title="bbox 489 2413 1974 2516; baseline -0.001 -26"><span class='ocrx_word' id='word_1_157' title='bbox 489 2431 643 2491; x_wconf 81' lang='lat' dir='ltr'>arte</span> <span class='ocrx_word' id='word_1_158' title='bbox 668 2414 1068 2491; x_wconf 85' lang='lat' dir='ltr'>continetur</span> <span class='ocrx_word' id='word_1_159' title='bbox 1086 2468 1112 2507; x_wconf 87' lang='lat'><strong>,</strong></span> <span class='ocrx_word' id='word_1_160' title='bbox 1135 2413 1393 2491; x_wconf 82' lang='lat' dir='ltr'>effecit.</span> <span class='ocrx_word' id='word_1_161' title='bbox 1412 2416 1596 2489; x_wconf 85' lang='lat' dir='ltr'>Nam</span> <span class='ocrx_word' id='word_1_162' title='bbox 1621 2419 1699 2490; x_wconf 90' lang='lat'>&amp;</span> <span class='ocrx_word' id='word_1_163' title='bbox 1719 2416 1974 2516; x_wconf 65' lang='lat' dir='ltr'>guber-7</span> 
     </span>
     <span class='ocr_line' id='line_1_25' title="bbox 491 2508 1974 2614; baseline -0.003 -22"><span class='ocrx_word' id='word_1_164' title='bbox 491 2531 701 2592; x_wconf 82' lang='lat' dir='ltr'>nator</span> <span class='ocrx_word' id='word_1_165' title='bbox 715 2514 868 2592; x_wconf 87' lang='lat' dir='ltr'>vult</span> <span class='ocrx_word' id='word_1_166' title='bbox 880 2513 1078 2590; x_wconf 59' lang='lat' dir='ltr'>salva</span> <span class='ocrx_word' id='word_1_167' title='bbox 1105 2538 1288 2591; x_wconf 87' lang='lat' dir='ltr'>nave</span> <span class='ocrx_word' id='word_1_168' title='bbox 1309 2508 1386 2588; x_wconf 87' lang='lat' dir='ltr'>in</span> <span class='ocrx_word' id='word_1_169' title='bbox 1411 2533 1698 2612; x_wconf 89' lang='lat' dir='ltr'>portum</span> <span class='ocrx_word' id='word_1_170' title='bbox 1719 2536 1974 2614; x_wconf 86' lang='lat' dir='ltr'>perve-</span> 
     </span>
     <span class='ocr_line' id='line_1_26' title="bbox 494 2612 1976 2710; baseline -0.003 -21"><span class='ocrx_word' id='word_1_171' title='bbox 494 2613 650 2689; x_wconf 82' lang='lat' dir='ltr'>nire</span> <span class='ocrx_word' id='word_1_172' title='bbox 673 2640 693 2687; x_wconf 75' lang='lat'>2</span> <span class='ocrx_word' id='word_1_173' title='bbox 716 2612 766 2685; x_wconf 82' lang='lat' dir='ltr'>fi</span> <span class='ocrx_word' id='word_1_174' title='bbox 796 2631 1032 2689; x_wconf 76' lang='lat' dir='ltr'>tamen</span> <span class='ocrx_word' id='word_1_175' title='bbox 1044 2612 1456 2708; x_wconf 85' lang='lat' dir='ltr'>tempestate</span> <span class='ocrx_word' id='word_1_176' title='bbox 1481 2613 1691 2685; x_wconf 88' lang='lat' dir='ltr'>fuerit</span> <span class='ocrx_word' id='word_1_177' title='bbox 1715 2612 1976 2710; x_wconf 83' lang='lat' dir='ltr'>abrep-</span> 
     </span>
     <span class='ocr_line' id='line_1_27' title="bbox 494 2707 1987 2808; baseline -0.002 -25"><span class='ocrx_word' id='word_1_178' title='bbox 494 2728 650 2799; x_wconf 72' lang='grc' dir='ltr'>ωε,</span> <span class='ocrx_word' id='word_1_179' title='bbox 681 2735 828 2783; x_wconf 88' lang='lat' dir='ltr'>non</span> <span class='ocrx_word' id='word_1_180' title='bbox 860 2710 1031 2783; x_wconf 77' lang='lat' dir='ltr'>ideb</span> <span class='ocrx_word' id='word_1_181' title='bbox 1058 2707 1285 2782; x_wconf 72' lang='lat' dir='ltr'>minus</span> <span class='ocrx_word' id='word_1_182' title='bbox 1315 2709 1449 2784; x_wconf 89' lang='lat' dir='ltr'>erit</span> <span class='ocrx_word' id='word_1_183' title='bbox 1480 2709 1909 2808; x_wconf 79' lang='lat' dir='ltr'>gubernator</span> <span class='ocrx_word' id='word_1_184' title='bbox 1942 2734 1987 2805; x_wconf 50' lang='lat' dir='ltr'>,ff</span> 
     </span>
     <span class='ocr_line' id='line_1_28' title="bbox 495 2805 1980 2908; baseline -0.001 -25"><span class='ocrx_word' id='word_1_185' title='bbox 495 2805 824 2908; x_wconf 81' lang='lat' dir='ltr'>dice&#39;tque</span> <span class='ocrx_word' id='word_1_186' title='bbox 850 2824 1098 2882; x_wconf 81' lang='lat' dir='ltr'>notum</span> <span class='ocrx_word' id='word_1_187' title='bbox 1123 2805 1296 2880; x_wconf 82' lang='lat' dir='ltr'>illud</span> <span class='ocrx_word' id='word_1_188' title='bbox 1315 2832 1335 2882; x_wconf 73' lang='lat' dir='ltr'>t</span> <span class='ocrx_word' id='word_1_189' title='bbox 1353 2828 1383 2860; x_wconf 72' lang='lat'>⁴¹</span> <span class='ocrx_word' id='word_1_190' title='bbox 1412 2812 1605 2881; x_wconf 83' lang='lat' dir='ltr'>Dum</span> <span class='ocrx_word' id='word_1_191' title='bbox 1617 2812 1871 2880; x_wconf 71' lang='lat' dir='ltr'>clavum</span> <span class='ocrx_word' id='word_1_192' title='bbox 1887 2836 1980 2898; x_wconf 64' lang='lat' dir='ltr'>re-⁴</span> 
     </span>
    </p>
   </div>
   <div class='ocr_carea' id='block_1_3' title="bbox 504 3002 1987 3199">
    <p class='ocr_par' dir='ltr' id='par_1_4' title="bbox 504 3002 1987 3199">
     <span class='ocr_line' id='line_1_29' title="bbox 562 3002 1977 3059; baseline -0.002 -3"><span class='ocrx_word' id='word_1_193' title='bbox 562 3023 597 3056; x_wconf 75' lang='lat' dir='ltr'><em>a</em></span> <span class='ocrx_word' id='word_1_194' title='bbox 617 3002 822 3056; x_wconf 69' lang='lat' dir='ltr'>Videtur</span> <span class='ocrx_word' id='word_1_195' title='bbox 832 3003 1209 3058; x_wconf 69' lang='lat' dir='ltr'>Hemistichium</span> <span class='ocrx_word' id='word_1_196' title='bbox 1255 3005 1431 3059; x_wconf 80' lang='lat' dir='ltr'>Ennio.</span> <span class='ocrx_word' id='word_1_197' title='bbox 1486 3004 1626 3059; x_wconf 86' lang='lat' dir='ltr'>Dum</span> <span class='ocrx_word' id='word_1_198' title='bbox 1665 3005 1857 3056; x_wconf 78' lang='lat' dir='ltr'>clavum</span> <span class='ocrx_word' id='word_1_199' title='bbox 1888 3020 1977 3054; x_wconf 80' lang='lat' dir='ltr'>re-</span> 
     </span>
     <span class='ocr_line' id='line_1_30' title="bbox 504 3012 1987 3199; baseline -0.001 -78"><span class='ocrx_word' id='word_1_200' title='bbox 504 3069 537 3145; x_wconf 63' lang='grc' dir='ltr'>ὲ</span> <span class='ocrx_word' id='word_1_201' title='bbox 575 3087 717 3137; x_wconf 76' lang='lat' dir='ltr'>poeta</span> <span class='ocrx_word' id='word_1_202' title='bbox 778 3086 882 3138; x_wconf 79' lang='lat' dir='ltr'>quo</span> <span class='ocrx_word' id='word_1_203' title='bbox 915 3073 1015 3121; x_wconf 76' lang='lat' dir='ltr'>iam</span> <span class='ocrx_word' id='word_1_204' title='bbox 1083 3012 1376 3199; x_wconf 60' lang='lat' dir='ltr'>sum-laum</span> <span class='ocrx_word' id='word_1_205' title='bbox 1392 3086 1598 3128; x_wconf 76' lang='lat' dir='ltr'>teneam,</span> <span class='ocrx_word' id='word_1_206' title='bbox 1626 3070 1874 3135; x_wconf 68' lang='lat' dir='ltr'>navimque</span> <span class='ocrx_word' id='word_1_207' title='bbox 1887 3086 1987 3136; x_wconf 73' lang='lat' dir='ltr'>gu-</span> 
     </span>
    </p>
   </div>
   <div class='ocr_carea' id='block_1_4' title="bbox 500 3133 1898 3207">
    <p class='ocr_par' dir='ltr' id='par_1_5' title="bbox 500 3133 1898 3207">
     <span class='ocr_line' id='line_1_31' title="bbox 500 3133 1898 3207; baseline 0.001 -20"><span class='ocrx_word' id='word_1_208' title='bbox 500 3148 661 3203; x_wconf 56' lang='lat' dir='ltr'>ttum.</span> <span class='ocrx_word' id='word_1_209' title='bbox 695 3140 809 3189; x_wconf 78' lang='lat' dir='ltr'>Non</span> <span class='ocrx_word' id='word_1_210' title='bbox 916 3139 926 3149; x_wconf 85' lang='grc'><em>“</em></span> <span class='ocrx_word' id='word_1_211' title='bbox 962 3138 1114 3189; x_wconf 76' lang='lat' dir='ltr'>citant</span> <span class='ocrx_word' id='word_1_212' title='bbox 1155 3150 1213 3186; x_wconf 82' lang='lat' dir='ltr'>ex</span> <span class='ocrx_word' id='word_1_213' title='bbox 1257 3133 1466 3201; x_wconf 70' lang='lat' dir='ltr'>berum.</span> <span class='ocrx_word' id='word_1_214' title='bbox 1493 3135 1638 3207; x_wconf 74' lang='lat' dir='ltr'>Erus.</span> <span class='ocrx_word' id='word_1_215' title='bbox 1666 3141 1717 3189; x_wconf 77' lang='lat' dir='ltr'>in</span> <span class='ocrx_word' id='word_1_216' title='bbox 1745 3134 1898 3201; x_wconf 72' lang='lat' dir='ltr'><strong>Adag.</strong></span> 
     </span>
    </p>
   </div>
  </div>
 </body>
</html>
