2200 3784
392 266 397 271 ,
536 175 717 252 DE
788 176 1369 255 Exorrnrm
1585 198 1727 283 235.

246 292 377 372 nifi
396 294 444 369 fi
471 295 580 369 cui
601 294 839 370 divina
860 296 976 368 illa
1000 321 1130 393 pro
1151 295 1438 394 Ligario>
1457 291 1680 367 ironia
1700 350 1734 388 ,

146 388 155 395 ’
244 395 339 467 de
369 419 507 491 qua
542 393 756 491 paulo
788 394 947 466 ante
984 394 1288 465 dixeram
1318 448 1341 483 ‚
1382 390 1734 490 displicet.

295 532 301 537 ·
347 488 508 562 Alia
554 490 1003 563 exordiorum
1031 490 1210 564 vitia
1236 491 1473 565 verius
1507 489 1726 561 tradi·-

244 586 525 661 deritnt.
574 588 793 680 Quod
819 587 889 658 in
915 589 1160 686 plures.
1186 587 1421 661 causas
1450 609 1727 661 accom-

191 710 204 722 ·
248 684 527 756 modari
549 684 775 782 potest
794 738 816 775 ,
852 686 1161 782 Vulgare
1189 685 1487 758 dicitur:
1514 682 1582 754 id
1601 683 1723 756 mi-

249 805 383 852 nus
418 780 852 871 favorabile,
889 782 1265 880 aliquando
1308 798 1544 853 tamen
1575 805 1726 853 non·

250 875 594 952 inutiliter
637 878 1025 951 affumimus
1071 917 1096 969 ,·
1150 880 1190 950 a
1234 877 1500 976 magnis
1543 876 1726 974 saepe

0 1010 5 1059 Ι
242 976 656 1048 oratoribus
690 978 834 1048 non
864 977 1245 1050 eviratum..
1283 977 1457 1068 Quo
1494 976 1572 1047 δε
1604 974 1725 1045 ad·

0 1062 5 1139 f
238 1071 590 1144 'versarius
618 1073 722 1144 uti
750 1073 1015 1170 potest,
1054 1075 1453 1147 Commune
1486 1070 1725 1169 appel-

247 1165 460 1239 latur.
510 1170 729 1262 Quod
757 1171 1190 1246 adversarius
1220 1171 1289 1244 in
1324 1170 1513 1242 suam
1535 1166 1725 1239 utili-

244 1282 464 1339 tatem
489 1267 854 1358 deflestere
876 1266 1105 1362 potest
1125 1319 1152 1355 ,
1176 1263 1730 1337 Commutabile.

148 1406 157 1411 -
249 1364 473 1453 Quod
500 1363 719 1437 causae
745 1387 889 1434 non
916 1362 1258 1451 cohaeret,
1283 1361 1726 1456 separatum.

248 1461 474 1550 Quod
535 1459 815 1532 aliunde
862 1456 1159 1530 trahitur
1189 1511 1213 1547 ‚
1265 1454 1722 1529 Transsatum.

243 1554 592 1627 Praeterea
627 1556 817 1652 quod
849 1556 1159 1652 Longum
1186 1608 1212 1646 ,
1250 1553 1440 1650 quod
1474 1569 1726 1627 contra

247 1668 600 1748 praecepta
643 1651 773 1733 est„
825 1653 1152 1745 Quorum
1197 1650 1530 1750 pleraque
1576 1672 1730 1723 non

246 1744 573 1861 prineipi'i
617 1744 832 1823 modo
879 1749 1028 1821 sunt
1070 1747 1245 1824 vitia
1275 1801 1308 1842 2
1354 1746 1469 1824 sed
1502 1745 1733 1821 totius

251 1861 623 1919 orationis.

327 1942 452 2015 IX.
481 1942 700 2018 HAEC
727 1942 815 2019 de
884 1940 1187 2018 rooemio
1213 1997 1237 2037 ‚
1282 1939 1559 2043 quoties
1582 1939 1720 2016 erit

251 2034 401 2131 ejus
427 2039 608 2115 usus·
636 2040 802 2116 Non
898 2065 1095 2140 mper
1118 2058 1355 2118 autem
1376 2039 1492 2115 est.
1533 2039 1726 2113 Nam

250 2137 328 2210 &
352 2136 866 2235 supervacuum
886 2139 1263 2237 aliquando
1289 2138 1386 2212 est
1402 2155 1534 2231 ‚vt
1563 2136 1614 2210 fi
1638 2135 1735 2210 fir

247 2250 674 2332 praeparatus
699 2235 857 2306 satis
883 2235 1098 2309 etiam
1124 2235 1261 2307 fine
1283 2235 1420 2306 hoc
1457 2233 1713 2326 judexe

250 2350 370 2402 aut
390 2327 438 2398 fi
458 2351 565 2399 res
586 2330 1092 2423 praeparatione
1117 2354 1259 2401 non
1281 2346 1516 2423 egeat.
1533 2328 1713 2399 Aris·
1742 2345 1946 2399 nahae.
1969 2365 2011 2402 ε.
2035 2364 2108 2401 a„

249 2422 504 2494 'toteles
527 2421 805 2520 quidem
827 2423 898 2493 in
915 2439 1145 2495 totum
1172 2423 1242 2493 id
1267 2422 1722 2497 neceffarium

251 2519 436 2615 apud
470 2518 696 2591 bonos
729 2518 993 2608 iudices
1034 2536 1267 2614 negat.
1319 2514 1724 2617 Aliquando

246 2634 484 2691 tamen
511 2615 611 2687 uti
638 2672 661 2709 ,
700 2641 833 2696 nee
858 2671 880 2706 ,
921 2616 967 2687 fi
996 2614 1294 2692 velimus
1318 2671 1341 2709 ‚
1377 2641 1470 2690 eo
1495 2614 1661 2689 licet
1686 2671 1712 2708 ‚

248 2717 408 2788 cum
454 2712 664 2806 judex
719 2729 1102 2811 occupatus
1144 2770 1168 2805 ,
1223 2716 1380 2789 cum
1436 2714 1722 2813 angusta

247 2811 401 2891 sunt
434 2828 750 2909 tempora
783 2866 805 2903 ,
851 2813 1008 2885 cum
1036 2812 1264 2909 major
1291 2812 1590 2915 potestas
1619 2813 1722 2888 ab

249 2906 390 3004 ipsa
418 2932 492 2981 re
522 2910 713 3008 cogit
738 2908 1066 3007 incipere.
1139 2985 1146 2991 ,
1517 2932 1526 2935 ’

326 3004 733 3103 Contraque
777 3006 872 3079 est
912 3006 1189 3080 interim
1231 3002 1556 3100 prooemii
1598 3003 1720 3079 vis

251 3098 463 3180 etiam
494 3125 636 3177 non
663 3103 743 3182 in·
760 3104 1085 3183 exordio.
1132 3101 1322 3178 Nam
1340 3100 1599 3195 judices
1631 3104 1743 3180 &'
1855 3108 1926 3151 Ἃ
