2200 3784
605 127 1303 211 PaomM1'vM.
1542 135 1679 227 287

128 249 138 254 ’
207 253 313 328 mi
342 250 825 351 perturb-atim
855 253 1145 342 deinde,
1180 243 1344 352 'quia
1377 250 1683 348 judicem

210 350 257 423 ὲ
280 351 588 427 veritate
611 341 865 448 depelli
882 349 1355 425 misericordi&
1371 404 1394 440 ,
1415 351 1533 426 vel
1552 350 1686 443 ira,

191 447 679 548 ‘fimilibfisque
698 507 722 540 ‚
743 473 886 521 non
906 463 1276 547 oporteret
1298 475 1325 537 3
1346 450 1423 521 &
1440 449 1690 547 volup·

213 545 439 640 tatem
459 546 886 621 audientium
910 566 1156 661 petere
1181 601 1199 631 ‚
1225 549 1383 624 etun
1406 548 1692 623 vincen-

215 645 292 719 di
319 647 589 720 tantitm
612 644 836 745 gratia
869 648 1224 721 d1ceretur
1246 701 1270 739 ‚
1299 671 1447 720 non
1470 645 1690 721 modo

221 745 458 844 agenti
476 743 983 843 supervacuum
1005 799 1029 837 ,
1054 744 1176 817 sed
1191 744 1313 820 vix
1341 743 1555 840 etiam
1578 743 1693 819 vi-

220 865 309 914 ro
343 842 623 942 dignum
659 841 1193 917 arbitrabantur.
1250 842 1489 915 Plures
1509 847 1539 882 *
1562 867 1692 917 ve·-
1778 855 1811 890 *
1837 852 2067 921 Supplci

221 940 306 1013 ro
323 995 347 1033 ‚
382 940 503 1041 qui
543 966 675 1016 nec
697 940 785 1014 ab
812 939 942 1013 illis
971 939 1107 1014 fine
1134 938 1353 1013 dubio
1377 938 1693 1037 partibus
1716 922 1933 973 fuerunt.

219 1040 571 1114 rationem
621 1038 872 1115 orandi
922 1038 1447 1115 summoverent
1474 1092 1498 1131 ,
1552 1038 1693 1114 hoc

221 1152 462 1210 tamen
539 1137 899 1237 proprium
976 1155 1193 1236 atque
1268 1136 1693 1235 praecipuum

226 1236 597 1311 crederent
638 1260 864 1335 opus,
917 1234 1038 1308 sua
1094 1234 1510 1308 confirmare
1536 1290 1563 1327 ,
1613 1236 1694 1307 &

222 1358 381 1500 {3¹¹ae
418 1359 512 1408 ex
564 1333 863 1409 adverso
909 1348 1474 1430 proponerentur
1512 1387 1536 1425 ‚
1588 1356 1699 1405 re·

258 1447 487 1507 utare.
1335 1478 1347 1492 .

341 1531 882 1626 Utrumcunque
931 1526 1029 1602 est
1050 1541 1102 1620 ,‘
1127 1526 1306 1626 (nec
1331 1523 1518 1600 enim
1565 1527 1705 1602 hoe

228 1625 395 1699 loco
431 1649 662 1698 meam
708 1626 1081 1724 interpono
1108 1623 1557 1715 sententiam)
1596 1625 1708 1702 hic

233 1723 364 1795 erit
390 1723 566 1797 liber
596 1723 876 1798 illorum
901 1723 1239 1822 opinione
1261 1723 1561 1796 maxime
1588 1750 1708 1798 ne·

233 1821 557 1897 ceffarius
576 1877 599 1912 ,
621 1845 764 1945 quo
780 1840 937 1897 toto
959 1824 1106 1895 haec
1123 1823 1266 1896 sola
1284 1822 1702 1909 tra&antttr;

234 1919 487 2018 quibus
531 1920 689 1994 sane
731 1922 810 1996 δε
864 1946 949 1994 ea
1000 1946 1155 2021 quae
1216 1922 1304 1996 de
1359 1919 1705 2016 judiciali-

234 2017 368 2091 bus
417 2019 627 2094 caufis
681 2020 820 2115 jam
868 2020 1052 2094 dicta
1108 2021 1263 2094 sunt
1293 2080 1311 2107 ,
1365 2018 1701 2095 serviunt.

231 2117 415 2190 Nam
450 2144 679 2219 neque
703 2118 1072 2217 prooemii,
1104 2143 1337 2218 neque
1365 2118 1705 2192 narratio-

230 2217 337 2290 nis
391 2216 489 2291 est
538 2219 714 2290 alius
758 2216 913 2289 usus
943 2272 967 2307 ,
1015 2218 1227 2313 quam
1273 2233 1349 2286 ut
1399 2214 1704 2308 judicem

230 2332 657 2413 praeparent:
688 2315 767 2386 δι
782 2312 994 2385 status
1016 2312 1207 2386 noffe
1226 2367 1252 2403 ,
1273 2328 1488 2409 atque
1509 2337 1596 2385 ea
1612 2313 1704 2387 de

235 2412 491 2510 quibus
544 2408 746 2507 supr&
774 2407 1153 2505 scripfimus
1171 2463 1197 2500 ,
1253 2407 1555 2499 intueri,
1586 2408 1699 2482 su-

235 2531 673 2607 pervacuum
717 2506 901 2580 foret
922 2559 946 2597 ,
979 2506 1101 2578 nifi
1125 2506 1214 2578 ad
1244 2505 1424 2578 hanc
1455 2530 1706 2603 perve-

236 2606 567 2681 niremus.
596 2603 929 2702 Denique
951 2628 1043 2677 ex
1075 2603 1385 2703 quinque
1410 2629 1582 2701 quas
1602 2603 1705 2700 ju-

234 2704 508 2782 dicialis
574 2703 887 2777 materiae
960 2700 1256 2786 fecimus
1327 2702 1635 2800 partibus
1669 2756 1703 2801 ,

169 2882 180 2890 ,
237 2828 673 2903 quaecunque
714 2802 850 2876 alia
881 2801 1110 2900 potest
1155 2800 1531 2901 aliquando
1577 2827 1710 2875 ne-

238 2903 524 2979 cefl'aria
551 2900 771 2974 causae
802 2925 946 2975 non
967 2901 1121 2977 effe
1150 2929 1170 2974 ε
1209 2899 1290 2972 lis
1331 2899 1517 2971 nulla
1557 2900 1657 2971 est
1680 2952 1711 2993 ,

242 2999 360 3074 cui
385 3000 800 3098 probatione
830 3024 1010 3096 opus
1035 3023 1181 3071 non
1205 2998 1307 3071 fit.
1347 2994 1513 3087 Ejus
1538 3021 1706 3092 prae·

241 3114 449 3198 cepta
481 3096 570 3175 sse
589 3096 859 3194 optime
891 3096 1181 3175 divisuri
1214 3094 1585 3193 videmur,
1629 3108 1711 3171 ut
