2200 3784
442 134 669 213 *Dr-2
782 138 1464 218 ruffinum-ts,
1593 150 1735 238 133‘

256 270 418 329 tum
447 267 684 331 cer'tus
714 255 894 329 ordo
927 255 1376 356 quaestionum
1396 312 1420 349 ,
1452 256 1741 335 caetera-2

366 380 447 428 e:
483 379 635 452 quae
667 354 866 428 velut
894 355 945 428 fi
971 357 1176 431 aliter
1204 357 1435 431 facere
1459 355 1566 430 fas
1590 377 1738 431 non
1770 395 1776 399 -

250 379 392 543 gru,
440 450 725 551 quidam
765 473 1099 566 tanquam
1137 453 1287 546 juffi
1320 454 1730 554 sequuntur.

245 551 424 624 Erat
442 552 631 624 enim
676 552 1033 647 rhetorice
1066 577 1178 626 res
1197 554 1475 652 prorsus
1499 549 1727 627 facilis

252 671 341 720 ac
382 673 604 744 parva
631 705 656 742 ‚
709 650 767 722 -fi
793 675 939 724 uno
971 654 1050 726 &
1097 651 1303 731 brevi
1334 651 1730 751 praescripto

163 798 170 801 -
253 746 771 822 contineretur.
806 751 945 822 Sed
998 766 1359 824 mutantur
1394 749 1733 849 pleraque

168 906 180 913 .
255 844 473 919 caufis
496 900 520 937 ,
540 848 1001 945 temporibuS,
1021 849 1387 923 occasione
1405 902 1427 940 ‚
1449 845 1735 921 necesti-

253 958 429 1018 tate.
463 947 695 1043 Atque
741 944 910 1019 ideo
941 969 1050 1020 res
1084 947 1158 1017 in
1186 965 1471 1021 oratore
1500 944 1734 1045 ptaeci-

253 1065 399 1138 pua
444 1042 805 1116 confilium
858 1042 997 1136 est,
1045 1047 1209 1143 quia
1238 1044 1481 1141 varie,
1523 1047 1602 1120 &
1641 1039 1731 1117 ad

258 1163 502 1213 rerum
532 1160 890 1217 momenta
922 1145 1385 1219 convertitur.

354 1239 554 1331 Quid
586 1242 772 1315 enim
805 1242 852 1314 fi
880 1242 1239 1341 praecipias
1270 1238 1738 1339 Imperatori3

255 1337 793 1435 quotiesaciem
810 1339 1094 1413 instruet
1118 1395 1141 1431 ,
1174 1334 1253 1417 ut
1270 1341 1517 1435 dirigat
1545 1335 1740 1408 fron-

255 1453 410 1508 tem
443 1491 466 1527 ,
503 1462 791 1512 -cornua
853 1436 1184 1533 utrinque
1261 1450 1686 1533 promoveat
1714 1485 1740 1523 ‚

195 1557 202 1563 ·
254 1534 540 1632 equites
574 1558 718 1632 pro
765 1532 1098 1607 cornibus
1131 1532 1376 1608 locet?
1420 1533 1568 1604 Erit
1594 1529 1744 1603 haec

255 1631 559 1744 quidem
598 1631 955 1704 reffiffima
988 1631 1270 1706 fortaffe
1294 1631 1478 1704 ratio
1505 1686 1529 1721 ,
1561 1652 1746 1727 quo·

246 1747 398 1802 ties
418 1726 659 1827 licebit
688 1756 706 1802 z
727 1728 843 1803 sed
869 1729 1255 1805 mutabitur
1272 1729 1522 1804 natura
1547 1727 1687 1801 loci
1716 1779 1743 1817 ‚

254 1826 311 1900 fi
330 1851 540 1909 mons
558 1846 886 1904 occurret
912 1884 935 1922 ‚
966 1829 1017 1902 fi
1036 1828 1294 1903 flumen
1320 1826 1618 1902 obstabit
1641 1882 1664 1918 ,
1693 1824 1744 1898 fi

261 1925 565 2001 collibus
602 1983 625 2019 ,
677 1927 947 2027 sylvis»,
998 1926 1462 2027 asperitate've
1507 1926 1741 2027 aliqua

260 2024 776 2122 prohibebitur.
821 2027 1131 2101 Mutabit
1152 2026 1445 2110 hostium
1475 2050 1740 2139 genus»,
1844 2066 1857 2087 ι

261 2124 563 2198 mutabit
582 2124 932 2223 p'raesentis
958 2125 1277 2202 conditio
1303 2125 1736 2200 discriminis:

266 2244 450 2298 nunc
481 2225 633 2297 acie
660 2225 916 2298 diresta
942 2280 966 2315 ,
1007 2250 1191 2300 nunc
1229 2224 1464 2298 cuneis
1498 2278 1522 2316 ,
1555 2248 1743 2298 nunc

266 2320 577 2411 auxiliis,
599 2346 785 2395 nunc
805 2321 1084 2420 legione
1106 2323 1555 2422 pugnabitur:
1574 2344 1745 2392 non-

213 2510 219 2515 ·
265 2442 632 2514 nunquam
672 2435 864 2516 terga
901 2422 1114 2493 etiam
1143 2420 1401 2493 dediffe
1432 2415 1746 2490 fimulatfi

271 2513 442 2610 fuga
478 2515 819 2612 proderit.
848 2518 949 2589 Ita
978 2517 1411 2616 prooemium
1445 2514 1747 2590 neceffa-

268 2612 451 2685 rium
492 2637 580 2685 an
624 2611 1174 2713 supervacuum,
1211 2616 1433 2691 breve
1508 2638 1551 2687 n
1584 2613 1748 2685 lon-

269 2711 422 2810 gius
454 2737 480 2800 ;
513 2711 601 2784 ad
622 2710 925 2809 judicem
950 2717 1145 2790 omni
1168 2714 1442 2789 sermon
1563 2711 1746 2789 irec-

219 2839 234 2843 ·
266 2828 470 2903 10,an
497 2809 878 2913 aliquando
905 2813 1158 2888 averso
1184 2838 1309 2910 per
1334 2812 1637 2912 aliquam
1664 2810 1745 2884 fi-

271 2934 519 3076 gqram
534 2908 907 2989 dicendum
924 2911 1034 2998 fit;
1056 2911 1413 2988 constrifia
1432 2937 1520 2985 an
1538 2910 1746 2983 latius

308 3031 351 3078 u
377 3007 421 3089 'a
450 3010 758 3084 narratio
779 3064 802 3100 ,
834 3012 1162 3085 continua
1184 3036 1272 3084 an
1294 3007 1542 3097 divisa,
1564 3006 1751 3104 resta
1800 3045 1805 3057 ·

275 3125 369 3180 an
387 3091 625 3187 ordine
646 3125 1053 3211 permutato
1063 3165 1091 3210 ,
1112 3110 1335 3194 causae
1361 3105 1742 3215 docebunt.
