2200 3784
470 130 616 225 248
775 131 985 204 L113.
1040 132 1181 204 IV.
1253 133 1487 206 CAP.
1545 133 1645 208 11.
1926 215 1935 220 ,

479 248 575 323 ad
622 247 926 341 judicem
964 247 1265 344 pertinet
1310 278 1328 322 ε
1365 250 1659 343 deinde,
1696 250 1748 324 fi
1775 245 1958 325 nihil

475 345 676 419 'extra
719 346 993 420 causam
1029 345 1404 420 dixerimus
1433 365 1622 419 :tum
1652 349 1873 421 etiam
1908 350 1963 424 fi

478 443 937 518 reciderimus
996 443 1230 514 omnia
1273 498 1296 534 ‚
1367 444 1620 542 quibus
1670 445 1963 520 sublatis

474 537 609 622 nec
639 538 1025 636 cognitioni
1053 539 1427 637 quicquam
1453 595 1474 632 ‚
1505 566 1637 614 nec
1667 542 1968 616 utilitati

487 625 919 708 detrahat..
975 631 1175 708 Solet
1217 637 1403 711 enim
1447 639 1765 736 quaedam
1819 641 1964 715 effe

484 733 797 828 partium
827 732 1140 806 brevitas
1169 789 1190 823 ‚
1232 759 1386 832 quae
1410 734 1692 834 longam
1721 753 1971 813 tamen

498 830 710 903 efficit
733 829 1094 904 summam.
1129 836 1215 906 In
1232 858 1493 923 portum
1517 836 1664 905 veni
1685 885 1703 915 ,
1733 839 1970 916 navim

487 931 785 1023 prospexi
802 983 828 1017 ‚
862 932 1089 1022 quanti
1137 931 1361 1000 veheret
1400 927 1778 1027 interrogavi
1809 983 1838 1017 ,
1886 938 1970 1004 de

483 1028 693 1122 pretio
725 1025 987 1104 conveni
1012 1075 1035 1107 ‚
1076 1028 1401 1118 conscendi
1426 1075 1453 1109 ,
1477 1029 1762 1119 sublata
1787 1032 1965 1122 sunt

495 1125 784 1192 anchorae
814 1171 838 1203 ,
844 1125 1165 1214 solvimus
1190 1149 1362 1191 or-am
1385 1177 1401 1203 ,
1422 1125 1970 1291 ρνονεὲῗὶίζὶιωιις.

493 1211 691 1292 Nihil
718 1218 968 1289 horum
1013 1216 1161 1289 dici·
1192 1217 1484 1291 celerius
1519 1236 1689 1317 pote
1774 1247 1805 1307 3
1845 1221 1973 1300 sed

498 1315 747 1396 sufficit
778 1316 1012 1390 dice-re
1038 1344 1053 1389 :
1076 1319 1102 1386 ὲ
1116 1331 1310 1410 po'rtu
1328 1320 1659 1414 navigavi.
1680 1319 1766 1389 Et
1793 1343 1972 1415 quo-

501 1414 638 1488 ties
660 1414 883 1488 exitus
911 1414 1016 1487 rei
1052 1415 1211 1486 satis
1230 1414 1524 1489 ostendit
1548 1414 1781 1514 prior—a
1804 1416 1973 1505 ,de-

485 1507 755 1588 'bemus
791 1513 927 1586 hoc
958 1513 1092 1585 effe
1119 1512 1433 1587 contenti
1467 1567 1488 1604 ‚
1526 1537 1669 1611 quo
1700 1512 1975 1612 reliqua

503 1610 1011 1707 intelliguntur.
1040 1613 1284 1702 Quare
1304 1612 1460 1702 cum
1477 1610 1708 1699 dicere
1728 1610 1973 1685 liceat:

447 1717 458 1722 “
507 1711 641 1805 Est
660 1712 814 1777 mihi
818 1711 1009 1798 filius
1008 1710 1276 1799 juvenis
1298 1707 1581 1780 {omnia
1602 1708 1717 1778 illa
1742 1706 1982 1807 super-

517 1829 753 1887 ,vacua
803 1832 829 1877 :.
875 1810 1156 1898 Cupidus
1197 1833 1304 1899 ego
1347 1808 1675 1876 liberorum
1717 1829 1983 1878 uxorem

513 1908 690 1974 'duxi
715 1951 740 1984 ,
770 1925 996 1970 natum
1002 1903 1245 1999 stestuli
1272 1903 1533 1996 ,filium
1577 1906 1884 1990 educavi,
1910 1905 1983 1973 in

514 2000 1000 2085 adolescentiam
1038 1997 1338 2085 perduxi.
1371 2047 1401 2065 .-

513 2089 520 2100 '
618 2094 686 2160 N
693 2114 790 2160 on
811 2089 1033 2160 minits
1054 2105 1285 2160 autem
1308 2085 1624 2162 cavenda
1645 2089 1800 2178 erit,
1825 2115 1985 2188 quae

522 2187 812 2261 nimium
844 2186 1305 2283 corripientes
1350 2182 1582 2258 omnia
1615 2185 1681 2260 se
1735 2186 1924 2260 uitur
1955 2241 1983 2280 ,

527 2284 913 2360 obscuritas
942 2282 1331 2382 ;sati1'1sque
1362 2283 1457 2356 est
1474 2281 1689 2381 aliqui
1761 2309 1989 2358 narra·

528 2384 709 2458 tioni
729 2383 1066 2482 supet-effe
1098 2439 1121 2475 ‚
1153 2382 1359 2480 quam
1396 2373 1647 2455 de'effe.
1682 2375 1864 2454 Nam
1883 2382 1988 2455 su·

527 2485 886 2584 'pervacua
912 2507 1069 2554 cum
1094 2480 1305 2553 taedio
1326 2479 1672 2571 dicuntur,
1693 2479 1991 2552 neceffa-

535 2583 640 2670 ria
671 2606 826 2652 cum
857 2577 1172 2676 periculo
1200 2576 1715 2648 subtrahuntur.
1750 2577 1990 2666 Quare

531 2676 828 2750 vitanda
862 2675 1073 2748 etiam
1110 2673 1224 2743 illa
1277 2670 1676 2744 Sallustiana
1708 2670 1996 2763 (quan-

535 2787 751 2869 'quam
784 2771 853 2840 in
886 2770 1036 2866 ipso
1067 2767 1346 2842 virtutis
1401 2766 1638 2837 locum
1668 2763 1997 2869 obtinet)

538 2866 854 2945 brevitas
882 2916 907 2948 ,
968 2869 1047 2938 &
1089 2864 1463 2959 abruptum
1509 2859 1844 2940 sermonis
1877 2886 2000 2961 ge-

545 2981 673 3040 nus
699 3017 719 3044 ,
754 2961 947 3061 quod
996 2959 1299 3034 otiosum
1344 2957 1622 3030 fortaffe
1667 2957 1998 3035 leeorem

545 3064 770 3140 minus
803 3058 977 3139 fallit
1001 3117 1033 3157 ‚
1102 3055 1508 3138 audientem
1538 3054 1929 3136 transvolat
1966 3111 1996 3159 2
