2200 3784
502 140 672 218 240,
784 121 1004 195 Lm
1072 61 1231 194 IV?
1289 121 1532 195 CAP.
1601 101 1738 195 11ss

502 235 818 316 nentium
843 236 1365 336 expositionem.
1390 239 1557 310 Non
1582 237 1816 313 occidi
1844 237 1985 311 ho-

505 339 767 412 minem
799 363 824 424 ;
861 337 1050 433 nulja
1099 336 1406 408 narratio
1443 335 1584 410 est:
1620 336 1985 411 convenit.

507 435 642 508 Sed
673 434 809 507 erit
838 433 1071 531 aliqua
1093 488 1117 525 ,
1159 438 1237 508 &
1270 434 1548 506 interim
1576 434 1788 505 etiam
1822 435 1986 515 lonaj

503 557 592 630 ga
615 585 639 623 ,
669 531 856 603 circa
882 549 1289 628 argumenta
1321 530 1468 624 ejus
1498 531 1801 604 criminis
1825 584 1848 620 ,
1890 531 1981 605 de

503 629 668 701 ante
698 629 846 700 aista
872 629 1021 703 vita
1045 683 1068 719 ,
1114 629 1200 701 de
1230 628 1440 702 caufis
1485 647 1776 726 propter
1804 652 1982 725 quas

501 725 838 800 innocens
856 724 928 796 in
947 724 1333 821 periculum
1352 726 1736 801 deducatur
1754 780 1776 815 ,
1800 723 1983 797 aliis-

502 848 642 921 que
675 823 926 920 quibus
957 822 1365 896 incredibile
1397 823 1468 893 id
1497 825 1689 921 quod
1725 821 1986 914 objici-

499 938 616 993 tur
638 975 661 1011 ,
692 920 838 992 fiat.
883 920 951 992 N
955 943 1036 991 ec
1064 918 1248 992 enim
1274 920 1638 993 accusator
1662 921 1799 993 hoc
1824 938 1982 992 tan-

499 1020 651 1091 tum
701 1017 866 1091 dicit
899 1070 923 1106 ,
977 1015 1316 1089 Occidisti
1353 1043 1377 1102 3
1424 1017 1545 1089 sed
1597 1018 1847 1116 quibus
1898 1016 1979 1088 id

495 1114 794 1211 probet,
823 1128 1109 1185 narrat:
1141 1114 1316 1184 utin
1339 1115 1730 1212 Tragoediis
1750 1170 1774 1205 ,
1811 1115 1975 1186 cum·
2020 1089 2077 1139 Χ

498 1212 777 1285 Teucer
796 1210 1110 1321 Ulyffem
1131 1233 1330 1283 reum
1353 1211 1517 1285 facit
1537 1212 1765 1303 Aiacis
1791 1210 1979 1294 occi-

497 1309 549 1382 fi
571 1363 593 1399 ,
624 1309 860 1382 dicens
891 1325 1257 1383 inventum
1288 1334 1450 1382 eum
1483 1310 1554 1380 in
1593 1310 1972 1383 solitudine
2040 1309 2047 1320 ‘

498 1407 693 1503 juxta
721 1405 1034 1479 exanime
1066 1429 1322 1518 corpus
1345 1405 1604 1480 inimici
1632 1432 1788 1479 cum
1830 1407 1977 1503 glas-

497 1504 618 1576 dio
649 1519 940 1578 cruento
973 1530 998 1591 3
1031 1528 1177 1580 non
1199 1506 1267 1575 ld
1293 1505 1511 1577 modo
1531 1504 1798 1603 Ulyffes
1823 1503 1971 1575 res-

493 1601 767 1699 pondet
789 1654 813 1690 ,
853 1626 999 1673 non
1024 1602 1161 1676 effe
1188 1602 1227 1673 a
1253 1601 1321 1675 se
1350 1601 1422 1673 id
1444 1601 1706 1674 facinus
1721 1599 1973 1684 admis-

496 1698 690 1788 sum,
728 1695 847 1769 sed
877 1698 998 1774 fibi
1033 1699 1254 1771 nullas
1287 1724 1446 1774 cum
1472 1699 1696 1795 -Ajace
1739 1697 1967 1771 inimi-

498 1793 697 1868 citias
725 1794 922 1867 fuiffe
948 1851 972 1887 ‚
1012 1798 1098 1869 de
1136 1797 1344 1869 laude
1369 1797 1550 1869 inter
1586 1798 1770 1896 ipsos
1807 1820 1966 1868 cer-

498 1906 743 1965 tatum.
770 1893 1045 1965 Deinde
1069 1892 1456 1989 subjungit,
1498 1895 1863 1991 quomodo
1892 1893 1967 1964 in

497 2015 657 2072 eam
718 1987 1155 2062 solitudinem
1217 1989 1494 2061 venerit
1532 2042 1556 2078 ‚
1616 1990 1967 2082 jacentem

497 2087 888 2163 exanimem
921 2084 1000 2155 fit
1035 2082 1469 2180 conspicatus
1498 2137 1525 2173 ‚
1576 2086 1882 2183 gladium
1920 2087 1963 2157 ὲ

497 2188 791 2263 vulnere
822 2181 1221 2265 extraxerit.
1273 2181 1396 2253 His
1425 2181 1807 2256 subtexitur
1852 2205 1965 2253 ar-

494 2279 952 2385 gumentatio.
1004 2280 1142 2361 Sed
1181 2305 1269 2353 ne
1307 2279 1476 2353 illud
1511 2281 1795 2379 quidem
1824 2279 1962 2354 sme

497 2381 896 2457 narratione
954 2379 1052 2455 est
1082 2433 1107 2471 ,
1168 2378 1447 2453 dicente
1504 2379 1903 2455 accusatore
1937 2404 1964 2465 ;
2025 2435 2029 2439 »

502 2478 702 2572 Fuisti
728 2479 797 2548 in
825 2502 917 2551 eo
942 2480 1112 2551 loco
1133 2531 1155 2568 ,
1187 2476 1261 2548 in
1286 2503 1431 2576 quo
1459 2496 1619 2550 tuus
1645 2476 1963 2554 inimicus

503 2574 770 2668 occisus
799 2574 943 2648 est:
987 2600 1132 2648 non
1167 2574 1288 2646 fui.
1345 2575 1742 2647 Dicendum
1783 2576 1970 2644 enim

504 2671 629 2743 ubi
657 2668 892 2741 fuerit.
1148 2686 1157 2693 ’
1938 2689 1960 2749 θ

603 2765 848 2855 Quare
874 2763 1487 2863 ambitus-quoque
1513 2765 1730 2838 causae
1753 2767 1831 2840 &
1855 2787 1974 2838 re-
2064 2767 2075 2770 ’

501 2858 962 2962 petundarum
982 2862 1121 2933 hoc
1142 2862 1350 2933 etiam
1373 2861 1605 2958 plures
1631 2862 1972 2958 ejusmodi

499 2954 934 3034 ‘narrationes
958 2956 1220 3033 habere
1243 2977 1571 3057 poterunt
1589 3015 1612 3053 ‚
1642 2984 1787 3062 quo
1813 2961 1971 3057 plu&

501 3083 590 3134 ra
614 3054 921 3138 crimina.
968 3058 1046 3131 In
1081 3056 1337 3163 quibus
1365 3057 1509 3158 ipsa
1538 3060 1819 3162 quidem
1853 3073 1971 3226 nf-

1753 3180 1886 3258 gan
1932 3177 1975 3227 a
