2200 3784
571 131 1347 210 Pnooeivtrvm.
1651 152 1701 239 ς’

207 251 581 330 feffionum
610 249 813 324 vices
851 249 1116 325 effent:
1157 250 1507 351 seu‚qu0d
1536 277 1704 352 pro-

208 353 469 428 ximum
494 373 689 426 vero
713 405 732 432 ,
764 349 1029 423 nullam
1052 349 1312 449 ingenii
1337 350 1701 448 sperantes

223 450 508 552 gratiam
542 448 734 522 circa
758 471 874 520 res
896 503 920 540 ,
942 448 1206 520 etiamfi
1236 450 1649 525 neceffarias
1674 506 1701 545 ‚

217 549 470 650 procul
516 550 762 620 tamen
799 546 888 618 ab
915 546 1384 621 ostentatione
1403 549 1657 647 pofitas
1684 609 1706 636 ‚

220 667 293 722 ut
327 671 642 745 operum
685 643 952 742 fastigia
1006 645 1441 742 speetantur,
1484 647 1709 722 latent

222 746 719 820 fundamenta,
746 745 898 840 Ego
929 745 1087 817 clim
1123 745 1295 816 nihil
1314 744 1704 819 existimem

221 847 365 918 arti
405 841 745 917 oratoriae
779 840 1083 914 alienum
1111 899 1134 937 ,
1182 843 1320 916 fine
1366 868 1511 942 quo
1552 845 1709 919 fieri

226 969 371 1016 non
398 941 599 1039 poss'e
645 957 1014 1013 oratorem
1039 939 1401 1015 fatendum
1425 942 1551 1036 est,
1574 968 1712 1020 nec

226 1043 318 1115 ad
364 1040 577 1112 ullius
607 1037 716 1111 rei
744 1038 1078 1113 summam
1104 1098 1129 1133 ‚
1166 1039 1282 1111 nifi
1313 1044 1715 1138 praeceden-

232 1139 423 1211 tibus
446 1137 661 1211 initiis
681 1137 1036 1234 perveniri
1066 1164 1092 1229 3
1122 1140 1211 1212 ad
1235 1139 1511 1211 minora
1538 1138 1658 1214 illa
1681 1198 1710 1235 ‚

234 1237 352 1312 sed
379 1263 537 1336 quae
575 1235 626 1307 fi
658 1235 965 1334 negligas
988 1293 1012 1330 ,
1050 1263 1197 1311 non
1222 1236 1300 1310 fit
1328 1237 1717 1333 majoribus

232 1337 432 1412 locus
481 1391 508 1427 ,
569 1334 941 1411 demittere
986 1362 1102 1410 me
1143 1361 1290 1409 non
1323 1339 1662 1409 recusabo
1690 1366 1715 1411 t

233 1461 364 1510 nec
398 1434 604 1507 aliter
634 1487 657 1525 ,
684 1435 898 1533 quam
933 1436 980 1506 fi
1007 1435 1179 1508 mihi
1207 1435 1525 1506 tradatur
1551 1434 1726 1508 edu·

236 1533 506 1610 candus
534 1552 776 1605 orator
803 1584 829 1624 ,
861 1532 1085 1606 studia
1121 1531 1273 1629 ejus
1301 1530 1607 1607 formare
1629 1532 1721 1607 ab

234 1630 538 1705 infantia
561 1629 913 1729 incipiam.

351 1727 580 1820 Quod
624 1738 836 1826 opus,
864 1725 1203 1802 Marcelle
1244 1727 1508 1802 Viaori
1531 1785 1555 1823 ,
1591 1728 1728 1804 tibi

243 1827 563 1901 dicamus
588 1852 607 1899 ε
637 1853 854 1927 quem
879 1828 1039 1900 etun
1077 1824 1551 1901 amiciffimum
1591 1854 1727 1902 no-

242 1926 351 2000 his
380 1981 405 2020 ,
434 1943 587 2000 tum
617 1925 884 2000 eximio
930 1909 1293 1998 literalum
1319 1950 1562 2003 amore
1604 1927 1733 2002 fla-

251 2043 568 2123 grantem
617 2081 641 2117 ,
708 2034 856 2096 non
927 2039 1224 2123 propter
1288 2024 1438 2100 haec
1506 2027 1732 2103 modb

249 2125 285 2223 (
313 2147 727 2223 quanquam
760 2121 919 2196 sunt
953 2123 1253 2235 magna)
1273 2122 1735 2236 digniffimum

249 2224 395 2298 hoc
422 2242 689 2296 mutuae
718 2223 902 2294 inter
931 2245 1063 2294 nos
1093 2237 1404 2297 caritatis
1441 2222 1740 2323 pignore

253 2319 741 2415 judicabamus
758 2374 783 2413 ,
814 2317 934 2393 sed
966 2319 1166 2418 qued
1191 2321 1578 2394 erudiendo
1604 2347 1741 2395 na·-

252 2439 344 2490 to
369 2435 507 2488 tuo
527 2470 554 2506 ,
580 2417 775 2509 cujus
793 2417 1011 2516 prima
1035 2432 1208 2489 aetas
1247 2439 1276 2469 ‘²
1304 2417 1745 2490 manifestum

262 2516 414 2587 iter
475 2512 568 2584 ad
612 2512 865 2613 ingenii
902 2517 1144 2590 lumen
1192 2514 1496 2588 ostendit
1526 2570 1552 2609 ,
1597 2538 1747 2589 non

263 2608 553 2686 inutiles
597 2611 755 2689 fore
808 2614 972 2688 libri
1018 2613 1448 2690 videbantur
1481 2642 1507 2706 ;
1562 2637 1749 2715 quos

268 2710 364 2787 ab
396 2709 557 2812 ipfis
592 2711 878 2789 dicendi
919 2712 1124 2790 velut
1157 2710 1592 2793 incunabulis
1615 2738 1750 2817 per

332 2956 360 2984 a
377 2942 528 3003 Cujus
546 2941 711 3005 prima
728 2952 843 2989 aetas
865 2941 965 2990 evi·
1017 2934 1088 2991 u'ii
1121 2937 1304 2988 lumen.
1337 2938 1417 2989 'Ur
1436 2937 1551 2990 enin·
1565 2937 1754 2990 bonit-is

269 2999 487 3053 dentibus
523 3004 723 3054 indiciis
765 3004 970 3054 ostendit
1021 3000 1151 3054 decus
1182 3004 1412 3070 ingenium
1442 3041 1461 3066 ,
1501 3003 1558 3068 [w
1589 3000 1756 3070 ingenii

275 3066 405 3117 hunc
420 3083 779 3132 perventurum
792 3068 856 3118 ad
870 3069 972 3119 elo·
1022 3071 1040 3120 ι’
1067 3069 1149 3131 fias
1186 3068 1336 3117 tumn
1376 3065 1450 3131 est,
1493 3066 1760 3135 eloquenti&

281 3137 527 3192 quendam
547 3171 568 3200 ,
594 3148 710 3200 quae
734 3132 804 3184 est
823 3137 977 3205 binge-
1059 3149 1150 3185 ωε.
1176 3149 1195 3196 5
1204 3153 1255 3198 9.

1292 3211 1479 3311 'Aij
