2200 3784
203 355 445 423 *Legitur
460 354 511 407 in

88 446 103 464 ⁷
170 420 331 535 gg&
369 438 505 486 coge·

235 663 346 711 ΨΑ(
368 662 511 713 saltr-

166 736 312 844 ‘baiis
321 727 442 791 deest
459 728 509 776 in

544 180 694 267 '150
745 154 943 238 Lim
1018 160 1118 237 11.
1190 161 1432 235 cuz
1469 152 1811 241 .xv111.'

539 281 777 357 nentia
794 331 819 364 ,
835 302 977 354 non
990 279 1157 378 quia
1172 276 1525 353 rationem
1538 278 1831 355 videbat
1853 336 1878 375 ‚
1893 280 2018 356 sed

539 380 701 476 quia
720 374 807 450 'id
835 378 1178 452 valetudo
1202 376 1344 474 ipsa
1362 379 1398 414 ’⁶
1427 396 1809 474 coegerat,
1834 380 2028 452 miti·-

536 475 757 573 gavit.
805 475 961 548 Nec
1007 473 1274 550 fabrica
1304 475 1382 547 fit
1422 498 1529 547 ars
1555 501 1574 547 ε
1599 477 1786 550 casas
1825 476 2023 551 enim

535 572 747 670 primi
777 571 877 645 illi
895 571 1036 645 fine
1064 590 1220 646 arte
1242 576 1588 646 fecerunt.
1611 574 1765 647 Nec
1807 573 2022 648 must-

538 694 619 742 ca
656 699 674 743 ι
704 687 1024 743 cantatur
1057 671 1100 709 ⁴*
1138 694 1221 742 ac
1245 669 1533 743 saltatur
1584 694 1714 766 per
1759 693 2017 748 omnes

536 785 781 868 gentes
801 769 1041 868 aliquo
1058 768 1304 840 modo.
1326 766 1489 840 Itafi
1505 767 1859 843 rhetorice
1881 793 2021 846 vo-

536 867 684 940 cari
700 866 913 940 debet
934 865 1160 941 sermo
1178 866 1578 965 quicunque
1600 919 1623 956 ,
1635 864 1832 940 fuifl'e
1848 892 2021 941 eam
2059 942 2088 950 κ

535 966 916 1064 antequam
940 965 1110 1038 effet
1125 987 1237 1037 ars
1251 1017 1276 1055 ‚
1294 961 1714 1038 confitebor.
1732 965 1806 1037 Si
1824 965 2014 1040 verb

508 1086 685 1136 :non
708 1061 1016 1161 quisquis
1042 1061 1358 1161 loquitur
1371 1109 1403 1147 ‚
1456 1077 1704 1135 orator
1730 1061 1827 1135 est
1854 1117 1877 1154 ,
1925 1064 2015 1138 δε

536 1174 691 1234 tum
713 1168 859 1233 non
882 1178 1219 1259 tanquam
1248 1176 1569 1233 oratores
1614 1158 2020 1260 loqueban-

536 1276 658 1332 tur
685 1285 711 1349 3
744 1258 1012 1335 neceffe
1039 1257 1137 1332 est
1153 1276 1517 1333 oratorem
1536 1254 1793 1332 factum
1815 1275 1967 1335 arte
1978 1278 2014 1354 ‚'

539 1381 673 1432 nec
696 1374 860 1433 ante
897 1374 1122 1432 artem
1145 1356 1342 1431 fuiffe
1364 1411 1389 1449 ‚
1437 1355 1817 1432 fateantur.
1959 1370 1966 1377 '

638 1458 811 1551 Qu'o
838 1455 1010 1530 illud
1042 1479 1330 1556 quoque
1362 1454 1780 1547 excluditur,
1808 1454 2007 1568 qued
2059 1518 2068 1525 .

536 1553 824 1630 dicunt:
867 1555 1037 1627 Non
1074 1554 1212 1628 effe
1241 1554 1408 1629 artis
1428 1553 1499 1627 id
1544 1553 1737 1652 qu'od
1791 1552 2011 1627 factat
2125 1616 2132 1623 .

537 1653 662 1751 qui
690 1679 833 1726 non
850 1652 1177 1725 didicerit
1201 1679 1226 1740 ;
1261 1652 1493 1726 dicere
1514 1667 1749 1724 autem
1771 1651 2008 1725 homia-

535 1774 660 1823 nes
686 1751 764 1822 &
782 1750 906 1848 qui
931 1775 1073 1823 non
1091 1749 1512 1823 didicerunt.
1551 1749 1662 1821 Ad
1689 1749 1882 1843 cujus
1902 1747 2009 1824 rei

539 1847 1152 1922 confirmationem
1193 1845 1490 1920 afferunt
1530 1869 1560 1899 a
1612 1848 2013 1923 Demadem

536 1945 878 2042 remigem
928 1948 1010 2019 δι
1053 1947 1081 1992 ⁶
1141 1943 1534 2016 AEschinem
1584 1944 2030 2040 hypocriten.

536 2057 863 2115 oratores
880 2039 1105 2113 fuisse.
1134 2037 1335 2111 Falsb
1359 2064 1377 2111 ε
1400 2061 1559 2111 nam
1585 2062 1815 2138 neque
1848 2065 2015 2115 ora-

533 2154 658 2211 tor
681 2137 817 2212 effe
838 2192 860 2229 ‚
881 2138 1161 2235 quinon
1180 2135 1423 2209 didicit
1438 2178 1463 2228 9
1478 2135 1707 2235 potest
1730 2165 1748 2211 τ
1772 2140 1850 2213 &
1869 2139 2028 2216 hos*

532 2235 693 2310 serb
750 2236 987 2335 potius
1037 2235 1248 2335 quam
1297 2259 1653 2336 nunquam
1696 2235 2010 2313 didiciffe

534 2335 701 2435 quis
748 2334 1034 2409 dixerit.
1088 2335 1519 2448 Quanquam
1545 2333 1900 2437 AEschines
1927 2336 2019 2408 ab
2053 2356 2060 2363 ’

534 2435 751 2509 initio·
769 2432 850 2510 fit
871 2432 1185 2511 versatus
1212 2432 1286 2505 in
1314 2434 1536 2508 literis
1560 2489 1585 2527 ‚
1613 2457 1786 2535 quas
1810 2450 2012 2532 pater

533 2532 689 2627 ejus
727 2534 940 2608 etiam
966 2532 1278 2622 decebat
1308 2560 1326 2607 x
1356 2533 1754 2608 Demadem
1776 2555 2012 2630 neque

508 2654 682 2707 αισα
709 2631 1027 2708 didiciffe-
1045 2644 1318 2706 certum
1361 2628 1439 2701 fit
1464 2683 1491 2723 ,
1521 2633 1622 2707 ¹&
1673 2629 2050 2704 continua--

598 2840 633 2873 a
665 2823 903 2875 Demades
923 2855 939 2879 ,
974 2839 1138 2876 orator
1182 2830 1238 2877 A.
1299 2826 1415 2876 meti
1446 2823 1704 2875 literatotis
1736 2861 1754 2887 ,
1792 2820 2008 2889 primam

535 2885 790 2939 thenienfis
827 2919 844 2944 ,
902 2902 1058 2939 nautae
1121 2888 1244 2940 filius
1302 2892 1548 2954 hypocrita
1583 2889 1712 2947 fuir,
1739 2889 1790 2938 id
1824 2889 1889 2938 cst
1925 2909 2015 2942 ac·
2109 2937 2120 2941 -

535 2952 632 3003 fuit
652 2986 685 3016 ,·
707 2951 837 3002 neca
889 2966 989 3001 atre
1019 2954 1081 3003 ad
1105 2955 1221 3005 ’Rhe
1303 2969 1379 3005 tot
1393 2955 1699 3017 personatum
1719 2957 1770 3003 in
1787 2953 2010 3007 theatrox

536 3031 665 3068 tores
682 3016 747 3065 est
787 3017 855 3065 m'i
899 3031 951 3065 us
985 3050 1001 3077 ,
1041 3017 1126 3068 sed
1185 3034 1250 3068 re·
1305 3017 1461 3084 postea
1506 3021 1656 3069 scriba
1697 3034 1718 3075 3
1764 3018 2006 3085 postremc)

537 3096 650 3132 mex
682 3079 845 3132 faaus.
862 3078 1013 3133 Turn.
1312 3083 1512 3136 Rhetor.
1546 3079 1698 3136 Tum.

543 3158 553 3167 ·
598 3144 630 3197 h
662 3145 913 3200 aeschines
949 3144 1075 3199 filius
1111 3148 1251 3201 Atro·
1473 3168 1478 3173 ·
