2200 3784
200 356 443 424 *legitur
457 356 509 408 in

84 447 100 465 τ
167 420 329 535 gg&
367 439 502 487 coge·

233 663 343 711 'Ac
365 662 508 713 salt:-

163 737 309 844 ‘3135
318 727 439 791 deest
456 728 506 776 in

541 180 692 268 ‘150
743 155 930 238 [ΞΒ.
1015 160 1114 238 ΙΙ.
1187 152 1808 240 cn.‘.xvl11.‘

536 282 772 358 nentia
791 332 816 365 ,
832 302 973 354 non
986 279 1154 378 quia
1169 277 1522 353 rationem
1535 277 1828 354 videbat
1848 335 1873 374 ‚
1889 278 2031 355 sed

536 381 697 477 quia
716 374 804 450 'id
831 378 1175 452 valetudo
1199 376 1341 474 ipsa
1359 379 1395 414 ’⁶
1424 395 1756 474 coegerat
1784 434 1807 470 ,
1830 379 2041 451 miti-

533 474 754 573 gavit.
802 475 957 548 Nec
1003 473 1271 548 fabrica
1301 474 1379 547 fit
1418 498 1526 546 ars
1552 500 1570 547 z
1596 476 1783 549 casas
1821 475 2037 552 enim

532 572 744 670 primi
773 572 874 644 illi
891 571 1033 645 fine
1059 590 1216 645 arte
1239 576 1590 645 fecerunt.-
1608 574 1676 644 N
1680 598 1764 648 ec
1804 572 2036 648 mufi-

535 694 616 742 ca
654 699 670 743 ε
701 686 1020 743 cantatur
1053 671 1096 709 ⁴*
1135 693 1220 742 ac
1242 669 1530 742 saltatur
1581 693 1711 766 per
1756 693 2032 748 omnes

533 785 779 868 gentes
797 769 1038 868 aliquo
1053 767 1300 840 inodo,
1323 765 1487 839 Itafi
1501 766 1856 843 rhetorice
1877 794 2034 847 vo-

533 867 681 940 cari
697 866 910 939 debet
931 865 1157 941 sermo
1175 864 1432 964 quicun
1534 888 1575 936 e
1598 918 1620 955 ‚
1632 863 1829 939 fuiffe
1846 891 2034 941 eam
2069 942 2096 949 Ι

532 964 913 1064 antequam
937 964 1106 1038 effet
1122 986 1234 1036 ars
1250 1017 1273 1054 ,
1291 984 1428 1034 con
1476 962 1711 1038 tebor.
1730 965 1804 1037 Si
1822 964 2027 1040 verb

504 1086 682 1136 :non
705 1060 1013 1161 quisquis
1036 1061 1355 1160 loquitur
1368 1109 1400 1147 ‚
1453 1075 1702 1133 orator
1729 1060 1825 1135 est
1850 1116 1875 1154 ‚
1925 1063 2026 1138 δε

533 1174 688 1234 tum
712 1167 856 1233 non
879 1178 1216 1260 tanquam
1245 1175 1567 1232 oratores
1612 1158 2028 1258 loqueban-

533 1276 655 1332 tur
682 1285 708 1349 3
741 1258 1010 1334 n‘eceffe
1036 1257 1134 1331 est
1150 1275 1514 1332 oratorem
1533 1254 1790 1330 factum
1812 1274 1965 1334 arte
1981 1278 2022 1355 ,'

536 1381 670 1433 nec
694 1374 858 1433 ante
894 1374 1120 1432 artem
1142 1356 1339 1431 fuifl'e
1363 1411 1386 1448 ,
1434 1354 1814 1431 fateantur.
1959 1370 1965 1378 '

635 1458 810 1551 Qu'o
836 1455 1007 1530 illud
1039 1479 1328 1555 quoque
1359 1454 1778 1547 excluditur,
1805 1454 2013 1567 qued
2065 1514 2074 1525 .

534 1554 821 1631 dicunt:
866 1554 1034 1627 Non
1071 1554 1210 1628 effe
1238 1553 1406 1628 artis
1426 1552 1497 1625 id
1542 1553 1735 1651 qu‘od
1789 1552 2015 1627 faciat
2127 1612 2140 1621 ,

534 1653 659 1751 qui
688 1679 831 1726 non
848 1652 1175 1737 didicerit
1199 1678 1224 1739 3
1258 1651 1491 1726 dicere
1511 1667 1747 1724 autem
1769 1651 2007 1725 homia-

532 1775 657 1824 nes
683 1751 761 1822 &
780 1750 904 1848 qui
928 1775 1070 1824 non
1087 1750 1509 1824 didicerunt.
1549 1749 1662 1821 Ad
1687 1748 1880 1843 cujus
1898 1748 2009 1825 rei

537 1846 1149 1922 confirmationem
1191 1845 1488 1919 afferunt
1528 1869 1558 1899 a
1610 1848 2012 1923 Demadem

533 1945 875 2041 remigem
925 1947 1007 2018 δι
1050 1947 1078 1992 ¹⁷
1139 1942 1532 2015 AEschinem
1582 1943 2032 2039 hypocriten.

533 2056 860 2115 oratores
877 2038 1101 2112 fuiss‘e.
1131 2036 1333 2110 Falsb
1356 2061 1557 2110 :nam
1582 2062 1813 2137 neque
1845 2064 2013 2115 ora-

438 2138 441 2141 ’
530 2153 654 2210 tor
678 2137 814 2211 effe
835 2191 858 2227 ,
877 2137 1000 2234 qui
1017 2159 1158 2209 non
1177 2133 1420 2207 didicit
1435 2191 1460 2227 ‚
1476 2134 1746 2232 potest:
1770 2138 1845 2211 &
1868 2139 2028 2214 hos·

529 2234 690 2309 serb
747 2235 983 2334 potius
1034 2234 1245 2334 quam
1294 2258 1650 2334 nunquam
1693 2235 2008 2313 didiciffe

531 2333 698 2434 quis
745 2333 1030 2408 dixerit.
1085 2334 1517 2430 Quanquam
1543 2332 1898 2408 AEschines
1926 2336 2017 2408 ab
2055 2356 2066 2363 ’

531 2434 749 2508 in'rtio'
766 2431 847 2509 fit
868 2431 1182 2510 versatus
1210 2431 1282 2504 in
1311 2431 1534 2508 literis
1559 2489 1582 2526 ,
1603 2429 1785 2533 'quas
1808 2450 2010 2530 pater

531 2531 687 2627 ejus
723 2533 938 2606 etiam
963 2531 1274 2621 decebat
1305 2558 1323 2605 ε
1354 2532 1752 2606 Demadem
1775 2554 2010 2630 neque

508 2654 680 2707 aton
707 2630 1025 2707 didiciffe·
1042 2644 1315 2705 certum
1358 2628 1437 2701 fit
1462 2683 1489 2723 ,
1519 2632 1620 2706 ¹&
1671 2629 2050 2704 continua--

596 2840 631 2873 a
663 2823 901 2875 Demades
921 2855 937 2879 ,
972 2839 1136 2876 orator
1179 2829 1235 2876 A,
1296 2825 1412 2875 meti
1443 2822 1702 2875 literatotis
1734 2861 1752 2887 ,
1790 2820 2005 2889 primum

532 2885 788 2939 thenienfis
825 2919 842 2944 ,
900 2902 1056 2938 nautae
1119 2887 1241 2939 filius
1299 2891 1547 2953 hypocrita
1581 2889 1710 2947 fuir,
1737 2889 1788 2938 id
1822 2889 1887 2938 est
1923 2908 2012 2941 ac-
2105 2936 2116 2940 -

532 2952 630 3003 fuit
650 2986 683 3016 ,·
705 2967 791 3002 nec
806 2951 835 3001 a
855 2966 988 3015 patre
1017 2953 1079 3002 ad
1102 2954 1219 3004 ‘Rhe
1300 2969 1376 3004 tot
1390 2954 1697 3017 personatum
1717 2957 1768 3003 in
1785 2953 1975 3007 theatro
1991 2972 2007 3004 a

534 3031 663 3068 tores
680 3016 745 3065 est
785 3011 949 3065 missus
983 3049 999 3076 ,
1039 3016 1124 3067 sed
1183 3033 1248 3067 re·
1302 3016 1459 3084 postea
1504 3021 1654 3069 scriba
1695 3034 1716 3075 3
1762 3018 2003 3085 postremc)

535 3097 648 3133 mex
680 3078 842 3132 factus.
860 3078 1011 3132 Turn.
1309 3082 1509 3136 Rhetot.
1544 3079 1697 3136 Tum.

541 3158 551 3169 ·
596 3144 628 3197 h
660 3145 911 3200 aeschines
947 3144 1073 3199 filius
1109 3148 1249 3201 Atto·
