2200 3784
480 136 524 209 8
958 134 1379 209 L113.1.

474 265 723 322 natura
746 250 1029 323 humani
1052 249 1311 350 ingenii
1337 250 1672 348 prohibet
1702 278 1721 327 z
1744 250 1956 352 quod

476 347 522 418 fi
565 372 708 419 non
750 348 1105 448 contingat
1139 403 1163 440 ‚
1188 348 1402 423 'altius
1453 367 1692 422 tamen
1736 352 1962 423 ibunt

475 444 595 540 qui
643 444 733 516 ad
783 446 1046 518 summa
1095 447 1408 520 nitentur
1456 503 1481 540 ,
1540 448 1749 544 quam
1821 447 1965 544 qui

474 540 886 641 praesumpta
961 543 1451 641 desperatione
1513 543 1660 641 quo
1721 545 1967 618 velint

480 639 876 750 evadendi,
930 642 1249 740 protinus
1301 640 1666 717 circa-ima
1702 639 1967 715 substi-

477 752 715 810 termt.

564 837 688 933 ,ffl-
753 839 827 929 Q
857 839 928 909 U
957 839 1029 910 O
1070 836 1289 936 magis
1336 836 1776 935 impetranda
1810 855 1966 912 ved

478 932 596 1003 nia
641 933 771 1006 erit
802 993 829 1026 ‚
870 934 920 1006 fi
970 961 1058 1009 ne
1091 936 1368 1008 minora
1406 933 1873 1035 quidemilla
1930 989 1961 1024 ,

479 1032 729 1105 verum
758 1033 958 1130 operi
985 1034 1183 1132 quod
1211 1032 1620 1107 instituimus
1646 1031 1969 1106 neceffa-

432 1150 451 1179 ²·
480 1129 631 1220 ria,
676 1131 1071 1227 praeteribo.
1118 1132 1304 1205 Nam
1355 1132 1538 1205 liber
1565 1131 1836 1229 primus
1868 1155 1968 1205 ea

484 1252 641 1324 quae
673 1228 826 1301 sunt
854 1247 1015 1303 ante
1041 1229 1352 1304 officium
1376 1229 1710 1303 Rhetoris
1733 1283 1757 1319 ‚
1786 1240 1972 1302 con-

481 1325 764 1399 tinebit.
821 1328 1144 1402 Secundo
1176 1384 1193 1410 ‚
1238 1325 1468 1424 prima
1532 1326 1719 1423 apud
1760 1326 1968 1398 Rhe-

485 1439 717 1498 torem
760 1423 1105 1499 elementa
1129 1475 1154 1511 ,
1185 1427 1262 1500 &
1289 1449 1442 1522 quae
1468 1422 1554 1496 de
1589 1422 1732 1521 ipsa
1759 1423 1966 1497 Rhe-

487 1522 736 1595 toricae
778 1522 1145 1595 substantia
1198 1537 1602 1621 quaeruntur
1633 1576 1656 1613 ‚
1697 1521 1967 1594 tracta-

488 1619 749 1694 bimus,
794 1620 1132 1720 Quinque
1155 1620 1481 1716 deinceps
1505 1618 1912 1693 Inventioni
1939 1673 1971 1710 ,

490 1743 652 1789 narn
710 1719 790 1788 &
847 1718 1012 1791 huic
1062 1715 1446 1814 Dispofitio
1499 1715 1967 1814 subjungitur.

495 1817 830 1906 Quatuor
859 1814 1264 1888 Elocutioni
1298 1865 1319 1897 ,
1352 1815 1424 1884 in
1458 1813 1651 1905 cujus
1683 1831 1972 1909 partem

450 1912 451 1915 ’
493 1910 844 1985 Memoria
881 1937 964 1985 ac
996 1910 1484 1982 Pronuntiatio
1507 1909 1974 1998 veniunt‚da-'

492 2010 778 2082 buntur.
818 2010 1015 2080 Unus
1068 2007 1370 2079 accedet
1394 2059 1418 2097 ,
1463 2005 1535 2075 in
1575 2028 1721 2102 quo
1752 2005 1970 2079 nobis

497 2123 742 2182 orator
783 2100 924 2213 ipse
976 2103 1453 2187 informandus
1497 2100 1653 2189 est;
1710 2119 1789 2176 ut
1839 2105 1972 2201 qui

495 2228 731 2279 mores
763 2227 912 2297 ejus
940 2257 964 2293 ,
1002 2228 1158 2300 quae
1192 2200 1264 2272 in
1297 2199 1740 2296 suscipiendis
1778 2254 1803 2293 ,
1840 2202 1973 2274 dis-·

499 2300 736 2383 cendis
786 2356 810 2394 ,
866 2299 1149 2399 agendis
1197 2298 1409 2375 caufis
1471 2297 1655 2371 ratio
1674 2346 1711 2391 -,
1768 2299 1973 2396 quod

499 2398 926 2500 eloquentiae
988 2423 1204 2498 genus
1264 2450 1288 2486 ,
1399 2395 1503 2468 uis
1563 2396 1813 2494 agendi
1852 2397 1974 2472 de·

498 2502 665 2576 beat
699 2498 835 2573 effe
862 2496 1056 2588 finis,
1087 2521 1244 2595 quae
1269 2519 1362 2590 po
1450 2492 1660 2567 finem
1690 2493 1912 2568 studia
1942 2550 1970 2586 ,

499 2601 841 2698 quantum
870 2593 1099 2666 nostra
1121 2591 1391 2670 valebit
1414 2591 1775 2667 infirmitas
1794 2648 1819 2687 ,
1844 2591 1978 2674 dis-⁴

500 2702 834 2774 seramus,

587 2798 714 2868 lV.
748 2790 892 2861 HIS
954 2787 1282 2863 omnibus
1313 2787 1805 2862 admiscebitur
1826 2839 1850 2876 ‚
1886 2798 1969 2856 ut

506 2888 799 2992 quisque
831 2888 1028 2962 locus
1082 2887 1455 2984 postulabit
1479 2941 1500 2974 ,
1539 2882 1808 2957 dicendi
1852 2906 1972 2954 ra-

509 2991 651 3080 tio,
711 3014 866 3088 quae
898 3010 1042 3059 non
1081 3008 1328 3058 eorum
1366 2980 1580 3055 modo
1617 2978 1902 3055 scienti&
1944 3036 1972 3073 ,

508 3091 766 3195 quibus
808 3083 970 3163 solis
1013 3081 1301 3187 quidam
1340 3076 1824 3190 nomegartis
1856 3079 1975 3159 dee
2082 3128 2088 3132 -
