2200 3784
416 135 541 208 AN
573 150 843 209 unus
871 132 1398 207 Rumonem
1575 147 1715 233 143·

18 248 21 265 '
225 252 319 342 fit
369 251 900 365 indignissimum
958 306 984 346 ,
1055 251 1130 325 in
1202 248 1720 341 accusationem

18 272 33 545 ν
234 351 591 427 orationis
618 366 911 426 utuntur
938 350 1190 425 orandi
1208 350 1478 428 viribus
1512 354 1725 427 :Elo-

236 450 612 551 quentiam
656 451 795 526 effe
839 474 995 548 quae
1022 449 1252 548 poenis
1291 450 1544 547 eripiat
1573 451 1726 527 sce-

242 551 463 624 lestos
493 604 518 645 ,
560 547 759 649 cujus
809 547 1053 623 fraude
1093 551 1505 623 damnentur
1548 546 1731 625 inte-

218 648 385 724 ·rim
405 648 580 724 boni
602 704 627 741 ,
670 647 950 725 confilia
986 647 1331 723 ducantur
1364 647 1436 719 in
1476 648 1675 747 pejus
1703 674 1729 723 ε

224 768 389 823 nec
425 746 809 823 seditiones
855 745 1078 820 modo
1119 746 1481 844 turbaeque
1509 771 1734 846 popu-

190 886 197 893 ·
251 847 440 923 lares
464 902 488 940 ,
524 846 648 920 sed
680 845 868 920 bella
902 845 1115 920 etiam
1140 842 1589 942 inexpiabilia
1615 870 1736 920 ex-

256 944 599 1022 citentur:
623 943 821 1042 cujus
840 943 1143 1044 denique
1164 959 1315 1015 tum
1337 944 1636 1039 maxime
1656 945 1740 1018 fit
1803 944 1804 951 ’

258 1043 465 1138 usus,
491 1046 651 1119 chm
679 1067 812 1144 pro
847 1041 1029 1116 falfis
1071 1059 1323 1115 contra
1362 1042 1742 1118 veritatem

260 1141 488 1218 va‘le‘t.
505 1143 691 1216 Nam
707 1143 785 1217 &
802 1140 1079 1217 Socrati
1101 1139 1442 1234 objiciunt
1459 1140 1744 1234 comici,
1759 1160 1786 1219 ’·.’
1809 1140 1848 1186 ””·
1862 1142 2116 1237 Arfstvffii

267 1241 531 1316 docere
552 1267 716 1317 eum
735 1242 1105 1341 quomodo
1124 1239 1445 1338 pejorem
1471 1239 1749 1312 causam
1768 1227 1785 1257 ¹
1957 1244 1975 1262 ⁰

267 1339 638 1415 meliorem
664 1340 901 1413 faciat:
930 1343 1010 1414 &
1041 1355 1289 1413 contra
1318 1339 1361 1377 ⁴*
1382 1337 1636 1410 Tifiam
1670 1341 1750 1414 δε
1808 1348 1840 1382 *
1856 1350 2118 1425 All-legit

272 1438 615 1537 Gorgiam
639 1437 880 1510 similia
906 1437 1076 1510 dicit
1094 1436 1414 1535 polliceri
1430 1437 1753 1533 Plato.Et
1773 1420 1972 1484 ”5³⁰³

273 1537 382 1609 his
423 1535 760 1631 adjiciunt
801 1536 1127 1634 exempla
1169 1537 1578 1609 Graecorum
1612 1536 1757 1608 Ro·
1849 1616 1856 1623 ‚

274 1634 834 1734 manort'tmque,
884 1637 966 1709 &
997 1652 1408 1709 enumerant
1444 1634 1563 1733 qui
1607 1658 1761 1732 per-

281 1730 559 1804 niciosa
583 1756 726 1806 non
754 1733 1024 1832 singulis
1051 1734 1322 1806 tanthm
1345 1788 1370 1826 ,
1396 1732 1515 1807 sed
1544 1733 1756 1807 rebus

260 1828 504 1905 ‘etiam
536 1831 832 1930 publicis
874 1831 970 1904 ufi
1010 1833 1462 1931 eloquentia,
1513 1831 1760 1921 turba-

259 1960 265 1965 ·
286 1930 521 2005 verint
542 1931 910 2008 civitatum
930 1930 1174 2023 statuS,
1190 1932 1312 2006 vel
1327 1929 1713 2006 everterint
1739 1958 1759 2005 z

288 2030 524 2129 eoque
541 2035 618 2107 &
633 2031 1325 2107 Lacaedemoniorum
1349 2029 1636 2104 civitate
1653 2053 1768 2103 ex-

294 2129 598 2227 pulsam,
637 2131 718 2203 &
749 2130 1041 2204 Athenis
1073 2152 1361 2297 qssmque
1382 2181 1406 2219 ,
1430 2128 1554 2200 ubi
1574 2110 1767 2202 affor

294 2251 592 2304 movere
618 2229 896 2301 affefitus
929 2243 1101 2303 veta
1156 2243 1359 2317 atur,
1412 2226 1615 2302 velut
1659 2251 1771 2302 re-

14 2398 15 2407 ,
296 2325 508 2401 cisam
547 2324 795 2395 orandi
826 2321 1269 2418 potestatem.

14 2432 17 2581 ὗ
400 2424 574 2510 Quo
602 2418 888 2515 quidem
910 2417 1134 2489 modo
1169 2442 1302 2491 nec
1334 2417 1548 2491 duces
1574 2439 1777 2497 erunt

150 2580 161 2587 .
307 2514 549 2608 utiles,
570 2539 702 2589 nec
721 2515 1200 2616 magistratus,
1231 2538 1365 2588 nec
1384 2517 1723 2592 medicina
1745 2572 1774 2608 ,

168 2685 191 2693 ,
306 2639 446 2691 nec
502 2615 644 2714 ipsa
695 2615 996 2716 denique
1055 2613 1405 2714 sapientia.
1460 2615 1643 2690 Nam
1694 2621 1774 2695 &

282 2716 495 2801 dux,
528 2713 944 2804 Flaminius3
982 2715 1062 2789 &
1086 2714 1430 2808 Gracchi,
1465 2718 1777 2799 Saturni-

290 2814 375 2889 .ni
393 2865 420 2901 ,
439 2814 750 2890 Glauciae
773 2870 797 2908 ,
828 2813 1313 2928 magistratum
1358 2814 1535 2889 &in
1559 2816 1779 2891 medi-

298 2913 402 2988 cis
421 2967 445 3005 ,
462 2937 738 2989 venena
761 2940 788 3002 ;
832 2917 914 2990 &
956 2938 1032 2986 m
1053 2913 1140 2988 iis
1164 2912 1290 3013 qui
1322 2913 1778 3011 philosopho-

303 3036 459 3087 rum
493 3012 779 3088 nomine
811 3012 994 3087 male
1021 3007 1774 3110 utuntur,g1'avissima

14 3116 23 3451 ι
297 3135 804 3215 nonnunquam
844 3111 1110 3214 flagitia
1145 3103 1573 3208 deprehensa
1594 3102 1786 3187 sunt..
