2200 3784
367 92 500 171 Dr.
540 110 1083 168 snucAnoNE
1121 93 1588 170 Ona-roms.
1671 116 1751 173 ιι

241 212 497 314 perias
523 213 610 285 δε
645 211 885 286 faciles
913 211 986 283 in
1019 211 1485 310 excogitando
1509 269 1533 307 ,
1561 212 1640 286 &
1668 208 1758 288 §d

260 310 691 385 discendum
728 318 1127 407 promptos,
1199 312 1485 411 Quippe
1530 312 1601 384 id
1652 314 1757 388 est

261 409 536 483 homini
560 409 884 482 naturale
915 436 932 481 t
957 431 1039 481 ac
1062 407 1234 482 ficut
1251 428 1423 484 aves
1446 411 1532 482 ad
1550 411 1754 487 vola-

258 524 418 581 tum
448 561 473 600 ‚
531 507 708 606 equi
767 507 856 580 ad
897 505 1166 580 cursum
1202 563 1225 593 .,
1270 509 1360 580 ad
1416 507 1752 585 saevitiam

258 606 442 680 ferae
480 605 908 706 gignuntur;
958 605 1055 678 ita
1097 606 1306 680 nobis
1336 607 1622 706 propria
1652 607 1752 681 est

254 707 537 780 mentis
597 703 892 801 agitatio
940 721 1154 802 atque
1186 702 1523 779 solertia:
1564 708 1750 781 unde

249 803 479 902 origo
502 801 762 895 animi,
790 800 1069 875 caelestis
1091 802 1428 876 creditur.
1455 822 1484 852 ‘²
1518 805 1751 879 Hebe-

250 915 374 975 tes
429 899 613 976 verb
662 901 743 974 &
783 899 1122 975 indociles
1174 925 1323 974 non
1376 902 1598 1001 magis
1645 903 1747 977 se-

251 999 575 1079 cundum
627 1016 951 1072 naturam
1015 999 1317 1085 hominis
1359 997 1683 1074 'eduntur
1719 1057 1746 1094 ‚

260 1097 482 1197 quhm
515 1096 916 1196 prodigiosa
942 1121 1241 1196 corpora
1263 1154 1286 1191 ,
1318 1100 1397 1173 δε
1418 1099 1743 1174 monstris

258 1195 554 1296 infignia
578 1224 597 1270 ε
622 1196 741 1270 sed
762 1196 832 1268 hi
850 1196 1054 1295 pauci
1073 1198 1474 1274 admodum.
1505 1198 1746 1273 Fuerit

253 1314 762 1395 argumentum
800 1351 824 1389 ,
863 1294 1055 1394 qubd
1100 1295 1176 1367 in
1227 1298 1466 1393 pueris
1510 1297 1746 1370 elucet

254 1394 421 1493 spes
449 1392 922 1493 plurimorum
952 1420 972 1467 ε
1007 1419 1162 1492 quae
1215 1396 1375 1466 cum
1408 1394 1750 1468 emoritur

256 1510 474 1568 aetate
506 1545 527 1573 ‚
584 1491 1022 1568 manifestum
1075 1490 1174 1565 est
1227 1515 1374 1563 non
1422 1508 1752 1566 naturam

257 1590 596 1666 defeciss‘e
625 1648 649 1684 ,
693 1591 813 1666 sed
860 1613 1134 1665 curam.
1197 1589 1472 1663 Praestat
1510 1606 1748 1664 tamen

257 1687 564 1789 ingenio
615 1691 781 1765 alius
822 1688 1040 1764 alium
1089 1742 1108 1770 ‚
1169 1690 1491 1767 concedo
1533 1715 1557 1777 3
1626 1688 1747 1761 sed

262 1804 353 1862 ut
392 1787 552 1887 plus
588 1790 846 1864 efficiat
891 1804 1012 1861 aut
1063 1788 1291 1862 minus
1325 1817 1343 1862 ε
1382 1806 1745 1863 nemota-

260 1912 429 1963 men
460 1888 855 1985 reperitur,
886 1884 1010 1986 qui
1031 1886 1110 1958 fit
1134 1885 1359 1960 studio
1385 1885 1557 1960 nihil
1582 1911 1746 1959 con·

262 1984 576 2062 secutus.
652 1989 816 2062 Hoc
858 1985 978 2085 qui
1027 1984 1460 2083 perviderit,
1514 1985 1738 2084 proti-

255 2110 394 2159 nus
429 2103 514 2158 ut
547 2085 685 2161 erit
713 2109 966 2185 parens
990 2083 1234 2178 faustus,
1276 2109 1508 2160 acrem
1530 2086 1744 2184 quem

252 2183 572 2261 maxime
603 2209 843 2260 curam
876 2182 1019 2282 spei
1047 2183 1265 2258 futuri
1291 2183 1595 2260 oratoris
1620 2184 1747 2256 im-

262 2283 567 2383 pendat.
1685 2326 1688 2329 ι

366 2382 465 2451 Π.
507 2381 763 2451 ANTE
816 2381 1052 2454 omnia
1085 2433 1115 2468 ,
1179 2405 1270 2454 ne
1336 2379 1417 2451 fit
1460 2380 1760 2456 vitiosus

269 2476 518 2550 sermo
532 2476 913 2554 nutricibus
943 2509 961 2554 :
994 2503 1170 2579 quas
1190 2533 1213 2570 ,
1238 2476 1287 2549 fi
1309 2475 1462 2550 fieri
1485 2477 1712 2574 poffet
1728 2533 1754 2573 ,

261 2572 618 2673 sapientes
665 2576 1085 2681 Chrysippus
1134 2574 1417 2675 optavit
1445 2603 1463 2649 :
1491 2577 1687 2650 certe
1722 2633 1745 2670 ‚

252 2674 603 2774 quantum
631 2700 742 2752 res
782 2693 1184 2777 pateretur,
1218 2673 1525 2774 optimas
1574 2676 1744 2778 eligi

253 2772 526 2864 voluit.
560 2778 659 2851 Et
689 2799 971 2851 morum
1004 2773 1293 2876 quidem
1318 2774 1391 2847 in
1417 2774 1528 2848 his
1554 2775 1777 2851 haud.
1833 2826 1848 2839 ·

323 2979 498 3037 aI-Iagc
518 2974 620 3026 duo
640 2976 774 3032 vitia,
792 2973 977 3024 hebetes
1036 2976 1125 3023 bus
1155 2969 1304 3040 paulb
1338 2972 1450 3025 ant&
1471 2973 1595 3032 diifit
1626 2989 1639 3018 τ
1666 2968 1757 3035 fa-

248 3035 310 3085 ’ἃ
332 3036 592 3101 indociles,
620 3043 831 3107 opponit
865 3038 982 3090 dua·
1040 3037 1158 3088 cites
1203 3035 1254 3085 in
1297 3035 1619 3106 excogitando
1658 3068 1675 3090 ,
1704 3032 1754 3085 δ’

261 3102 359 3156 ¹³²⁸
390 3106 652 3181 Vixtutilgus
667 3143 695 3173 ,
739 3105 806 3160 de
855 3109 968 3174 qui*
1038 3101 1262 3236 Prome
1286 3102 1367 3260 agii
1380 3098 1674 3175 duscendum?
