2200 3784
447 107 599 206 278
739 109 987 187 tm.
1049 110 1197 186 ιν.
1253 113 1479 192 cu.
1537 118 1636 195 v.·
1688 119 1741 132 ·“

802 280 1336 358 CAPUT
1472 289 1568 364 w

763 419 891 482 DE
977 419 1608 484 PAR-rtrtout.

438 615 443 620 ⁶
524 539 572 596 1.
609 539 849 616 Quando
878 537 937 598 δ’
955 540 1151 618 quibus
1173 542 1241 598 de
1260 540 1436 616 causta
1473 539 1772 619 partitione
1809 563 1930 604 nem

215 626 245 661 ¹
424 620 507 697 fit
532 622 801 711 utendum.
832 621 906 681 11.
937 625 1099 703 Quas
1119 624 1388 683 utilitates
1407 622 1758 685 habeat.⁴111.
1782 630 1933 708 Qua

424 705 541 782 fiat
562 724 677 784 ejus·
698 705 867 798 virtu}
874 727 950 764 es.

109 852 424 932 focam}-
588 849 987 923 ARTITIO
1023 856 1050 893 ⁸
1079 848 1179 923 est
1208 848 1599 922 nostrarum
1631 865 1755 921 aut
1800 850 1931 922 ad-

77 921 424 1038 ἶῖἶῗῗῖιῗῧζ
593 948 881 1022 versarii
925 947 1475 1045 propositionum
1493 1002 1517 1039 ‚
1564 963 1684 1020 aut
1725 964 1928 1020 utra-

75 1065 207 1100 ”¹²²-
235 1064 316 1110 θ’·
344 1065 424 1109 ⁴²·
446 1070 744 1145 rumque
775 1047 1022 1118 ordine
1063 1045 1321 1117 collata
1357 1045 1819 1119 enumeratio,
1914 1081 1923 1086 ·

81 1127 161 1173 ”⁶
539 1144 597 1220 Ι.
656 1144 885 1218 HAC
935 1140 1224 1241 quidam
1268 1144 1610 1217 utendum
1653 1143 1932 1241 semper

445 1257 743 1341 putant,
777 1241 969 1341 quod
998 1244 1076 1315 δι
1102 1240 1188 1314 ea
1213 1240 1335 1314 fiat
1360 1239 1561 1316 causa
1582 1241 1931 1335 lucidior,

448 1344 530 1414 &
547 1340 760 1438 judex
776 1340 1114 1415 intentior
1138 1363 1223 1415 ac
1252 1339 1551 1415 docilior
1568 1394 1593 1433 ,
1619 1339 1669 1411 fi
1698 1339 1931 1415 scierit

449 1443 532 1514 &
573 1441 663 1514 de
690 1464 836 1540 quo
873 1439 1212 1530 dicimur»,
1265 1438 1345 1511 &
1388 1438 1475 1512 de
1501 1463 1649 1537 quo
1680 1434 1926 1513 dicturi

501 1538 690 1613 ostea
733 1537 987 1612 sumus,
1032 1536 1289 1610 Rursus
1317 1537 1602 1637 quidam
1644 1535 1929 1634 pericu-

476 1634 675 1710 osum
703 1634 775 1708 id
803 1635 1078 1708 oratori
1106 1634 1535 1709 arbitrantur
1559 1694 1584 1729 ‚
1650 1635 1925 1710 duabus

447 1757 540 1807 ex
568 1734 784 1807 causis
801 1788 824 1825 ,
851 1732 1044 1832 quod
1071 1743 1571 1835 nonnunquam
1599 1733 1929 1810 excidere

449 1829 718 1906 soleant
761 1857 917 1931 quae
960 1830 1434 1929 prornifimu8‚
1480 1836 1560 1910 &
1588 1833 1637 1905 fi
1674 1857 1812 1930 qua
1845 1832 1922 1905 in

444 1930 823 2026 partiendo
841 1927 1378 2024 praeterierimus
1400 1980 1430 2013 ‚
1457 1949 1488 1979 α
1513 1952 1921 2007 occurrere.

446 2026 672 2116 Quod
714 2024 998 2122 quidem
1029 2022 1286 2094 nemini
1320 2023 1615 2116 accidit,
1649 2027 1771 2097 nifi
1796 2030 1936 2125 qui'

443 2122 651 2220 plane
681 2122 800 2197 vel
838 2121 1036 2194 nullo
1061 2119 1271 2195 fuerit
1316 2120 1638 2221 ingeni0‚
1673 2123 1797 2197 vel
1826 2128 1924 2197 ad

445 2219 792 2320 agendum
850 2218 1021 2293 nihil
1084 2218 1374 2320 cogitati
1427 2218 1926 2319 praemeditati-

446 2343 589 2417 que
624 2318 975 2396 detulerit.
1029 2318 1322 2419 Alioqui
1350 2346 1505 2422 quoe
1526 2338 1671 2396 tam
1695 2320 1933 2394 mani«

449 2417 616 2492 festa
633 2423 749 2510 ..&
796 2419 1023 2494 lucida
1059 2419 1159 2494 est
1196 2420 1418 2514 rati0‚
1471 2422 1684 2520 quam
1718 2422 1928 2510 reftae

449 2519 887 2616 partitionis?
911 2519 1241 2618 Sequitur
1262 2517 1445 2594 enim
1464 2536 1782 2592 naturam
1804 2519 1931 2598 du-.

450 2641 604 2692 cem
629 2670 652 2707 ‚
702 2618 888 2690 adeo
920 2635 999 2689 ut
1039 2617 1396 2689 memoriae
1432 2616 1504 2688 id
1534 2617 1918 2688 maximum

446 2711 525 2785 fit
552 2713 880 2786 auxilium
902 2770 925 2806 ‚
945 2712 1067 2789 via
1094 2713 1368 2792 dicendi
1385 2737 1529 2785 non
1549 2712 1919 2789 decedere.

122 2833 162 2867 1·
180 2816 325 2872 Rhet-
350 2834 424 2881 ¹7·
547 2812 1010 2911 Quapropter
1032 2835 1121 2883 ne
1150 2811 1308 2884 illos
1349 2810 1631 2910 quidem
1661 2812 1920 2909 proba·

448 2909 676 2988 verim
701 2964 725 3005 ,
784 2910 903 3009 qui
941 2907 1402 3012 partitionem
1442 2925 1690 2989 vetant
1733 2911 1923 2986 ultra

235 384 266 418 δ

511 3122 542 3153 a
573 3106 734 3158 Indici
754 3105 833 3161 vel
849 3105 1080 3159 auditori.
