2200 3784
485 96 629 200 398
804 98 912 170 L1
939 116 1014 172 n.
1076 96 1219 170 vt.
1271 91 1466 171 CAP.
1502 95 1618 173 11.

487 216 817 315 spestanti
846 215 1022 288 mihi
1048 269 1072 308 ‚
1109 221 1254 288 'non
1280 233 1429 295 tam
1450 240 1705 290 mores
1732 197 2019 313 signifi*

488 315 634 388 cari
658 315 988 396 videntur,
1011 370 1036 405 ‚
1075 313 1289 413 quam
1320 338 1616 389 morum
1650 312 2009 415 quaedam

488 413 909 583 groprietas.
940 412 1126 484 Nam
1171 411 1327 510 ipsis
1374 412 1675 512 quidem
1733 433 2009 486 omnes

542 511 770 585 abitus
797 511 1050 585 mentis
1072 510 1548 586 continentur.
1581 512 2006 585 Cautiores

485 608 935 683 vohmtatem
959 609 1329 708 comple&
1360 660 1390 695 ‚
1416 609 1639 707 quam
1686 609 2004 682 nomina

491 705 940 804 interpretari
971 708 1390 781 maluerunt.
1428 708 1754 783 Affet‘hts
1778 709 2005 808 igitur

488 804 626 880 hos
644 805 1038 880 concitatos
1057 857 1083 892 ,
1116 805 1280 880 illos
1308 806 1519 879 mites
1547 823 1797 905 atque
1818 828 2008 879 com·

496 902 758 1003 potitos
795 904 933 979 effe
958 904 1333 978 dixerunt:
1369 904 1443 976 in
1473 904 1717 979 altero
1771 905 2005 983 vehe-

495 1018 777 1078 menter
826 1018 1229 1078 commotos
1257 1058 1282 1096 ,
1330 1002 1404 1075 in
1444 1001 1688 1077 altero
1723 1002 2002 1090 lenes;

493 1099 802 1200 denique
830 1100 964 1175 hos
984 1100 1334 1199 imperare
1356 1156 1381 1191 ‚
1405 1099 1569 1174 illos
1591 1101 2002 1199 persuade-

492 1223 574 1275 re
612 1227 632 1272 ε
676 1199 808 1273 hos
849 1199 933 1275 ad
971 1198 1580 1297 perturbationem
1614 1255 1643 1293 ,
1693 1200 1889 1277 illos
1921 1198 2002 1276 ad

496 1297 1072 1375 benevolentiam
1107 1296 1515 1397 praevalere.
1546 1351 1569 1371 .
1596 1351 1621 1372 .

587 1398 877 1495 Propria
910 1414 1149 1472 tamen
1198 1395 1372 1470 mihi
1410 1394 1618 1491 hujus
1670 1395 1998 1470 nominis

496 1497 949 1593 exprimenda
969 1512 1219 1568 natura
1237 1494 1359 1583 est,
1380 1512 1739 1592 quatenus
1755 1495 2000 1593 appel-

498 1595 762 1668 latione
783 1594 925 1692 ipsa
941 1619 1085 1668 non
1105 1593 1261 1667 satis
1279 1592 1641 1691 fignificari
1661 1594 1995 1671 videtur.

496 1689 623 1772 ἔθος
679 1693 874 1792 quod
939 1692 1392 1791 intelligimus
1420 1748 1445 1787 ,
1498 1691 1858 1791 quodque
1888 1714 1919 1743 ⁴¹
1945 1693 1989 1765 εὶ

501 1789 919 1866 docentibus
938 1789 1400 1868 defideramus
1424 1844 1448 1880 ‚
1475 1790 1548 1864 id
1568 1791 1708 1865 erit
1737 1847 1761 1882 ,
1787 1789 1988 1892 quod

498 1895 661 1963 ant‘e
688 1891 930 1964 omnia
957 1890 1285 1965 bonitate
1311 1890 1984 1966 commendabitur:

498 2008 645 2057 non
674 1984 895 2057 soliun
935 1988 1109 2060 mite
1136 2012 1219 2061 ac
1251 1989 1644 2087 placidum,
1672 1987 1795 2064 sed
1829 1991 1981 2087 ple-

500 2105 802 2182 rumque
826 2084 1163 2158 blandum
1187 2087 1267 2159 &
1293 2088 1680 2161 humanum
1699 2142 1724 2179 ‚
1757 2090 1837 2161 &
1858 2114 1980 2160 au·

502 2181 859 2259 dientibus
892 2184 1194 2263 amabile
1219 2203 1432 2284 atque
1455 2186 1882 2280 jucundum:
1903 2185 1974 2259 in

500 2306 649 2380 quo
675 2282 1135 2381 exprimendo
1167 2283 1430 2360 summa
1456 2285 1686 2361 virtus
1716 2310 1806 2360 ea
1825 2284 1924 2357 est
1943 2339 1968 2378 ,

502 2396 581 2458 ut
604 2379 824 2456 fluere
849 2382 1084 2455 omnia
1114 2408 1201 2456 ex
1219 2401 1469 2460 natura
1496 2410 1735 2458 rerum
1755 2383 1973 2456 homi-

501 2479 813 2577 nt'tmque
840 2480 1208 2555 videantur
1234 2530 1262 2567 ,
1295 2505 1440 2580 quo
1462 2506 1703 2556 mores
1733 2483 1969 2555 dicen-
2072 2536 2080 2546 ,

501 2578 594 2649 tis
616 2603 703 2650 ex
730 2577 1050 2652 oratione
1075 2580 1476 2679 pelluceant
1494 2636 1517 2672 ,
1554 2585 1631 2655 &
1658 2580 1954 2679 quodam

407 2745 410 2746 γ
497 2676 718 2750 modo
734 2677 1235 2775 agnoscantur}
1260 2679 1452 2777 quod
1473 2679 1571 2753 est
1586 2678 1727 2752 fine
1749 2673 1943 2752 dubio

505 2771 693 2850 inter
747 2774 1143 2872 conjunstas
1207 2775 1508 2852 maxime
1574 2777 1896 2877 personas
1936 2827 1964 2868 ,

562 2940 593 2971 a
616 2917 705 2973 Vel
726 2922 784 2972 ab
808 2921 866 2971 iis
899 2924 1167 2973 oratoribus
1190 2961 1207 2987 ,
1264 2923 1624 2987 ptaeceptoribus
1646 2954 1662 2976 ‚
1715 2923 1765 2970 in
1801 2921 1967 2987 quibus

500 2991 586 3057 qui
638 2987 860 3047 judicem
908 2986 1077 3038 docete
1128 3006 1212 3038 co·
1262 2986 1343 3035 fila
1371 3003 1563 3036 morum
1594 2987 1798 3040 suavitas
1816 2986 1969 3042 maxi!

502 3064 675 3103 uantur
707 3067 722 3109 3
758 3052 821 3102 ad
851 3054 982 3117 quod
1012 3053 1214 3103 leniores
1267 3049 1342 3103 m&
1359 3045 1712 3112 neceffatiaest·

497 3116 572 3168 mi
604 3113 797 3169 ati-‘ectus
837 3118 998 3169 valent
1031 3136 1045 3169 ε
1076 3119 1154 3172 vel
1186 3115 1215 3167 ὲ
