2200 3784
542 129 726 217 PR
744 130 867 218 AE
885 128 973 215 F
972 129 1063 215 A
1086 128 1241 216 TI
1250 130 1358 219 Ο.
1551 148 1733 224 xx*

209 238 568 337 ‘subinde
584 248 852 333 oratio
870 247 1030 332 illis
1049 245 1394 333 ‘minime
1427 250 1561 335 vul
1569 282 1709 366 ga-

233 366 446 451 t'ibus
460 362 881 450 sententiis
905 394 997 447 ac
1015 363 1290 478 figuris
1308 396 1485 480 quae
1515 370 1722 450 con-'

238 507 547 567 vertant
568 478 658 562 in
681 475 764 561 se
787 479 1239 563 audi-torem
1269 548 1292 585 ‚
1343 511 1495 563 nec
1527 480 1707 565 lan-

227 628 476 717 gnere
487 595 899 712 patiantur
917 660 940 698 ‚
966 605 1045 679 &
1061 592 1366 678 faciant
1379 595 1710 679 audien-

225 713 311 795 di
342 712 587 797 fitim.
656 711 921 794 Detur
947 712 1193 794 etiam
1225 708 1534 825 aliquid
1564 743 1709 795 au-

230 829 446 910 rium
479 824 791 939 judicio
819 855 848 930 ‚⁴
898 824 1232 909 nitidius
1273 822 1580 941 aliquid
1623 834 1711 912 δε

232 939 742 1047 numerosius
792 936 1366 1055 postulantium
1401 999 1421 1032 ,
1502 971 1718 1056 quo—-

236 1057 460 1141 niam
491 1080 907 1171 penetrare
955 1051 1190 1139 altius
1222 1055 1308 1139 in
1340 1056 1713 1139 animum

236 1201 408 1254 non
495 1166 772 1254 offunt
799 1238 822 1275 ‚
945 1201 1065 1254 uae
1113 1166 1379 1255 statim
1408 1171 1494 1253 in
1524 1199 1718 1254 aure

238 1201 582 1400 quasipin
609 1200 999 1370 vestibtilo
1024 1281 1485 1392 offendunt.

354 1400 516 1484 Sed
543 1427 882 1484 ornatus
910 1398 1046 1482 ille
1078 1400 1327 1483 virilis
1353 1467 1378 1501 ,
1427 1399 1655 1483 fortis
1691 1438 1718 1503 ,’
1801 1432 1976 1509 Quam,
1998 1432 2095 1484 ae.-
2173 1428 2174 1431 ‘

230 1524 321 1602 &
342 1513 670 1600 sanetus
689 1515 810 1599 fit.
844 1515 1162 1600 ,Omnia
1192 1510 1462 1628 potius
1487 1513 1586 1596 ab
1610 1543 1723 1597 ar·
1743 1499 1978 1616 {22:2¹3
2014 1498 2100 1549 ¹¹¹⁶

244 1656 649 1749 gumento
681 1627 937 1746 quam
969 1626 1071 1712 ab
1101 1655 1417 1713 oratore
1451 1627 1719 1746 profe-

242 1745 390 1830 ἃει
422 1742 868 1830 credantur.
905 1741 1371 1830 Sublimitas
1391 1741 1555 1863 ipsa
1587 1777 1714 1832 re·-

242 1891 425 1946 rum
444 1892 540 1945 ac
561 1858 1165 1976 magnificentia
1184 1858 1496 1946 nobiles
1516 1893 1721 1978 quo-

232 2008 403 2092 quc
419 1973 862 2062 sententias
879 2005 973 2058 ac
987 1974 1148 2090 figu
1159 2007 1276 2060 ras
1291 1978 1566 2092 pariat.
1591 1980 1720 2062 Ac

222 2123 344 2176 ne
385 2090 546 2176 illis
595 2089 941 2205 quidem,
962 2094 1208 2175 etiarn
1270 2089 1717 2185 necessariis

236 2207 745 2296 ornamentis
764 2232 902 2290 aut
924 2205 1267 2292 nimium
1288 2206 1718 2322 indulgeat
1783 2294 1796 2301 ,

226 2349 523 2407 orator
548 2382 582 2419 ,
610 2347 753 2405 aut
778 2322 1020 2405 etiam
1045 2321 1450 2406 ullatenus
1472 2322 1720 2405 confi·

226 2437 397 2537 dat
429 2496 451 2524 ‚
502 2462 586 2514 ut
617 2466 762 2516 non
792 2465 1206 2518 evacuetur
1238 2467 1429 2517 crux
1456 2432 1720 2545 Chris-

240 2552 335 2632 ti.
385 2548 716 2657 Grande
740 2549 961 2634 nefas
991 2581 1082 2634 ac
1117 2548 1519 2667 piaculum
1569 2548 1721 2647 duf-

230 2691 379 2759 ‚cat
396 2662 521 2749 vel
542 2662 820 2750 leviter
837 2666 939 2749 de
965 2664 1181 2750 fama
1199 2664 1508 2783 ingenii
1526 2660 1717 2750 soli-

234 2781 505 2866 citum
531 2778 688 2863 effe
709 2848 734 2885 ,
766 2779 907 2864 ubi
937 2809 1219 2896 agatur
1249 2809 1540 2865 aeterna
1618 2815 1715 2866 o·-

238 2925 345 3010 pu
358 2895 627 2995 lorum
646 2892 882 2979 salus.
904 2899 1240 3013 Cogitet
1259 2893 1475 3010 septo
1490 2899 1552 2978 C
1555 2813 1720 2977 {f-
1755 2913 1800 2947 ²·
1820 2901 1935 2950 σθ’·
1954 2915 1995 2953 ‘·
2016 2906 2101 2950 ²⁹³

216 3009 345 3124 sto
373 3009 764 3124 legatione
764 3009 1014 3125 fungi
1043 3044 1066 3093 .·
1108 3014 1321 3127 apud
1354 3043 1717 3122 nospau-
1743 3036 1900 3087 Man.
1936 3049 2012 3092 ις.
2041 3044 2088 3096 5·

220 3154 455 3236 peres
504 3119 1033 3242 evangelizari
1056 3160 1083 3212 .-
1118 3157 1549 3243 pauperum
1597 3118 1716 3240 bs·
1741 3154 1901 3209 Man.
1932 3167 1977 3218 5.
2014 3166 2059 3210 ς.

461 3235 686 3328 Tom.
723 3235 791 3325 I.
1379 3271 1425 3323 e

1753 2415 1798 2451 1.
1816 2400 1930 2454 Cor.
1951 2409 1994 2451 1·
2009 2414 2100 2463 ‘b
