2200 3784
512 142 650 221 218
840 143 1648 219 L13.1V.CA1›.1.

507 261 719 337 etiam
746 259 831 331 ab
856 262 1090 332 astore
1112 259 1331 331 causae
1352 259 2000 362 solet.Quanquam

502 359 692 430 enim
723 356 1066 454 pauciora
1096 358 1186 430 de
1214 356 1433 454 seipso
1458 356 1628 431 dicit
1653 413 1675 451 ,
1717 362 1794 434 δι
1823 388 1995 459 par-

506 454 655 526 citis
692 486 708 526 ε
759 454 1135 551 plurimum
1173 472 1410 526 tamen
1437 455 1526 527 ad
1564 457 1804 531 omnia
1835 484 1997 535 mo-

503 551 726 624 menti
758 551 856 624 est
889 551 962 622 in
986 553 1126 624 hoc
1153 552 1446 648 positum
1466 607 1489 643 ,
1526 551 1574 623 fi
1603 553 1711 629 vir
1748 555 1986 631 bonus

499 649 834 721 creditur.
885 648 997 722 Sic
1038 650 1226 721 enim
1262 650 1625 748 continget
1652 705 1676 742 ,
1732 671 1809 726 ut
1841 678 1995 728 non

499 745 802 818 studium
827 746 1161 820 advocati
1186 746 1512 819 videatur
1537 748 1786 822 afferre
1806 805 1830 841 ,
1860 751 1987 825 sed

501 845 687 943 pene
711 842 898 917 testis
921 841 1152 917 fidem.
1206 845 1452 936 Quare
1476 844 1548 916 in
1574 846 1817 940 primis
1844 848 1994 920 exi-

504 939 820 1013 stimetur
870 940 1133 1014 venifl‘e
1205 941 1291 1013 ad
1350 934 1694 1039 agenflum
1744 944 1991 1019 dufius

509 1038 749 1111 officio
780 1038 900 1110 vel
931 1037 1364 1136 cognationis
1398 1091 1422 1128 ,
1456 1041 1574 1111 vel
1606 1040 1926 1112 amicitiae
1956 1068 1988 1130 ;

506 1133 949 1231 maxime'que
969 1186 996 1221 ‚
1029 1134 1078 1206 s1
1107 1131 1257 1208 fieri
1281 1135 1549 1231 poterit
1568 1190 1593 1228 ,
1626 1138 1998 1235 Reipubli-

508 1256 613 1304 coe
640 1286 662 1323 ‚
704 1249 826 1303 aut
856 1232 1145 1326 alicujus
1196 1231 1387 1307 certe
1425 1257 1571 1306 non
1608 1235 1991 1311 mediocris

507 1329 841 1426 exempli.
870 1331 1088 1422 Quod
1112 1330 1247 1402 fine
1276 1330 1493 1402 dubio
1518 1331 1739 1404 multo
1764 1333 1991 1429 magis

508 1425 665 1524 ipsis
694 1426 1153 1525 litigatoribus
1181 1426 1573 1502 faciendum
1599 1427 1696 1501 est
1715 1482 1739 1519 ,
1789 1447 1865 1501 ut
1894 1431 1993 1503 ad

510 1526 861 1622 agendum
891 1551 1142 1624 magna
1186 1544 1257 1596 at
1310 1550 1399 1599 ue
1436 1524 1716 1599 honesta
1758 1526 1990 1598 ratio-

512 1647 601 1694 ne
632 1677 656 1712 ,
700 1639 821 1693 aut
848 1625 1060 1717 etiam
1082 1647 1257 1698 nece
1311 1641 1483 1698 itate
1512 1622 1848 1701 acceffisse
1875 1623 1990 1700 vi·-

495 1719 838 1790 *deantun
1854 1760 1861 1766 -
2092 1777 2100 1783 .

514 1899 525 1908 ‚
612 1816 746 1888 Sed
769 1833 845 1887 ut
869 1868 891 1904 ,
922 1815 1268 1910 praecipua
1292 1815 1366 1887 in
1391 1817 1530 1892 hoc
1554 1817 1849 1893 dicentis
1869 1842 1990 1890 au·
2042 1837 2046 1840 ’

515 1913 793 1984 &oritas
823 1965 845 1999 ‚
895 1910 943 1979 s1
984 1912 1210 1981 omnis
1252 1911 1326 1981 in
1368 1913 1731 1986 subeundo
1772 1939 1990 2012 nego-

204 2011 487 2105 avaritie.
517 2008 620 2079 ‘tio
651 2004 942 2101 suspicio
978 2012 1009 2043 *
1042 2004 1347 2075 sordium
1370 2056 1398 2089 ‚
1443 2025 1564 2077 aut
1607 2011 1935 2082 odiorum
1963 2062 1993 2101 ,

139 2102 146 2111 ’
514 2121 639 2178 aut
666 2099 1059 2174 ambitionis
1088 2098 1433 2172 abfuerit:
1461 2100 1556 2173 ita
1577 2105 1890 2198 quaedam
1914 2107 1996 2176 in

514 2201 622 2275 his
654 2223 936 2299 quoque
962 2197 1483 2293 conmendatio
1511 2198 1724 2273 tacita
1745 2250 1772 2285 ‚
1795 2198 1997 2273 finos

517 2299 832 2377 infirmos
896 2298 973 2370 δε
1030 2298 1332 2394 impares
1390 2295 1683 2395 ingeniis
1743 2297 1992 2371 contra

520 2398 871 2505 agentium
905 2396 1277 2469 dixerimus
1307 2450 1329 2487 ,
1381 2394 1614 2493 qualia
1657 2394 1809 2467 sunt
1841 2394 1998 2492 ple-

523 2494 744 2596 ¹raque
772 2495 1073 2567 Meffalae
1106 2490 1473 2591 prooemia.
1523 2492 1638 2564 Est
1660 2492 1845 2566 enim
1873 2516 1998 2564 na-

521 2595 763 2689 turalis
804 2592 1013 2666 favor
1038 2614 1167 2687 pro
1203 2590 1731 2662 laborantibus:
1777 2593 1854 2662 &
1882 2587 2003 2682 juv-

521 2691 661 2761 dex
712 2687 1070 2785 religiosus
1133 2684 1564 2757 libentiflime
1626 2699 2005 2780 patronum

524 2784 723 2863 audit
750 2838 773 2870 ‚
825 2807 1036 2880 quem
1085 2779 1356 2875 justitiae
1397 2779 1533 2851 suae
1578 2777 1861 2851 minime
1908 2779 2010 2850 ti-

410 2846 459 3049 s
526 2903 700 2956 met.
740 2881 904 2951 Inde
931 2878 1047 2949 illa
1073 2894 1395 2950 veterum
1426 2874 1610 2950 circa
1638 2874 2009 2949 occultan-

530 2981 693 3052 dam
750 2974 1225 3074 eloquentiam
1270 2973 1607 3047 fimulatio
1635 3029 1657 3064 ‚
1700 2972 2003 3045 multum

388 3056 445 3173 ’ἶ
524 3077 620 3250 (aih
641 3079 768 3247 ha?
793 3073 1185 3179 nostrorum
1199 3090 1598 3174 temporum
1621 3067 2000 3171 jaetatione

433 3182 445 3287 J
576 3201 728 3252 iver
758 3199 820 3252 a.
1401 3185 1438 3199 ⁸
