2200 3784
260 170 265 175 -
319 112 460 192 DE
497 101 1046 191 muca-noua
1078 118 1554 198 Onnoms.
1622 145 1734 225 19

210 234 500 337 gratia}
537 232 884 309 eburneas
918 233 1135 309 etiam
1162 235 1525 311 literarum
1568 237 1713 313 for·
1781 257 1896 345 j:

212 358 385 412 mas
404 333 478 406 in
497 332 725 405 lufizm
750 332 1006 409 offerre
1030 360 1048 408 ε
1075 333 1205 409 vel
1231 335 1280 407 fi
1299 336 1468 434 quid
1491 337 1711 430 aliud,

222 458 379 533 quo
416 431 643 531 magis
668 430 790 504 iua
818 448 985 505 aetas
1014 432 1315 532 gaudeat
1340 487 1365 527 ‚
1405 434 1708 511 inveniri

221 531 465 631 potest
489 586 515 623 ‚
545 530 743 629 quod
775 530 1076 605 tractare
1102 586 1126 624 ‚
1160 531 1465 626 intueri,
1485 534 1713 607 nomi·

223 656 407 704 nare
461 624 850 724 jucundum
877 628 986 703 fit.

321 730 523 802 Cum
555 727 742 802 vero
786 726 1205 820 jam-dusius
1233 727 1435 829 sequi
1476 752 1711 828 coepe-

222 828 315 902 rit
340 884 367 921 ‚
411 850 567 899 non
589 824 841 899 inutile
883 824 1019 901 erit
1042 851 1162 900 eas
1195 827 1476 903 tabellae
1498 829 1709 928 quam

222 926 512 1025 optime
528 922 823 1021 insculpi
850 980 873 1015 ,
909 941 987 997 ut
1020 949 1150 1021 per
1164 923 1327 999 illos
1349 925 1548 1004 velut
1571 926 1712 1000 sul-

227 1049 366 1100 cos
416 1025 721 1097 ducatur
743 1023 985 1122 stylus.
1030 1024 1215 1096 Nam
1249 1048 1482 1124 neque
1520 1049 1724 1099 erra2

228 1123 348 1199 bit
401 1121 1004 1222 quemadmodum
1055 1121 1128 1194 in
1194 1124 1370 1197 ceris
1419 1124 1451 1222 (
1488 1122 1713 1196 conti-

230 1220 529 1296 nebitur
574 1220 763 1295 enim
806 1219 1136 1318 utrinque
1186 1221 1611 1320 marginibus
1670 1223 1706 1322 )

233 1346 471 1420 neque
497 1335 700 1392 extra
720 1317 1192 1416 praescriptum
1197 1321 1491 1486 ¹poterit
1515 1342 1714 1416 egre-

234 1418 309 1494 di
334 1474 357 1512 ‚
384 1419 466 1490 &
497 1418 794 1492 celerius
817 1442 900 1490 ac
927 1415 1171 1514 saepiiis
1230 1440 1268 1488 e
1322 1416 1559 1488 uendo
1577 1439 1721 1490 cer-

236 1533 313 1591 ta
346 1515 642 1613 vestigia
673 1569 695 1607 ,
726 1513 1036 1586 firmabit
1071 1510 1295 1586 articu
1326 1536 1408 1585 os
1439 1541 1456 1586 ε
1486 1535 1716 1611 neque

240 1640 289 1689 e
341 1611 497 1686 ebit
541 1611 888 1705 adjutorio
935 1632 1220 1683 manum
1264 1606 1457 1691 suam
1507 1633 1715 1683 manu

331 1707 775 1808 perimpofitfi
798 1707 1130 1807 regentis.
1173 1707 1343 1780 Non
1367 1706 1464 1781 est
1490 1707 1718 1782 aliena

244 1832 368 1885 res
384 1862 413 1901 ,
444 1831 596 1907 quae
619 1805 770 1883 fere
791 1806 882 1880 ab
909 1804 1210 1882 honestis
1232 1804 1488 1906 negligi
1509 1805 1716 1900 solet,

191 1913 197 1919 '
244 1931 414 1983 eura
443 1906 631 1980 bene
656 1931 744 1979 ac
769 1902 1121 1980 velociter
1143 1903 1506 1981 scribendi.
1529 1906 1716 1980 Nam

244 2007 410 2081 ciam
431 2004 513 2078 fit
531 2004 606 2077 in
638 2002 880 2076 studiis
918 2003 1340 2103 praecipuum
1367 2059 1389 2098 ‚
1422 2004 1715 2119 quoque

246 2104 403 2180 solo
433 2127 652 2179 verus
682 2101 804 2175 ille
847 2101 1195 2199 proferans
1227 2104 1306 2176 δε
1338 2103 1494 2182 altis
1531 2101 1720 2176 radi-

246 2202 451 2277 cibus
485 2202 693 2276 nixus
718 2217 1042 2298 paretur,
1066 2200 1371 2276 scribere
1393 2203 1433 2241 *
1452 2201 1720 2300 ipsum;
1773 2200 1934 2317 {Ipscst
1949 2197 2105 2315 [νέξ.

250 2302 523 2376 tardior
562 2299 779 2399 stylus
812 2323 901 2373 co
949 2300 1318 2373 itationem
1346 2318 1661 2374 moratur
1696 2352 1721 2392 ‚
1755 2276 2101 2398 2¹⁰‘13Ja'i‘12uoe

257 2400 455 2473 rudis
507 2399 590 2467 &
668 2397 875 2471 consu
906 2423 989 2470 us
1044 2398 1397 2470 intelle-Ciu
1447 2414 1641 2472 caret
1704 2424 1724 2468 ε
1824 2395 1934 2448 ·Μ·

266 2494 456 2569 unde
502 2492 806 2593 sequitur
843 2497 1027 2570 alter
1064 2494 1367 2568 diffindi
1391 2548 1414 2586 ,
1443 2518 1600 2594 quae
1638 2519 1729 2566 ex

265 2592 378 2669 his
429 2592 895 2669 transferenda
939 2594 1091 2682 sunt
1126 2650 1151 2689 ‚
1192 2593 1418 2668 labor.
1482 2594 1727 2689 Quare

266 2694 418 2767 cum
453 2691 725 2792 semper
765 2698 845 2770 &
867 2693 1129 2792 ubique
1152 2746 1175 2783 ,
1200 2710 1349 2765 tum
1376 2691 1726 2792 praeoipue

265 2792 330 2865 in
364 2791 672 2888 epistolis
693 2791 974 2866 secretis
1005 2795 1083 2867 &
1109 2790 1559 2864 familiaribus
1604 2793 1729 2867 de·-

266 2889 541 3062 {iestagit
566 2945 591 2984 ‚
626 2916 717 2964 ne
737 2891 877 2966 hoe
898 2889 1184 2993 quidem
1208 2890 1596 2991 negleflum
1617 2914 1727 2963 re·

236 3018 248 3031 ·
400 3016 424 3060 ι
479 3013 546 3063 e.

317 3013 669 3189 φὲγὶίεὼὶε
716 3084 981 3160 nullum
1030 3085 1533 3186 compendium
1578 3081 1675 3158 est
1697 3136 1724 3178 ,
