2200 3784
483 122 626 236 Dr.
681 161 1404 236 NARRArtoNE.
1538 161 1682 261 2'67

217 281 454 378 primo
501 279 726 353 statim
774 302 1008 356 rerum
1059 278 1357 376 ingress‘u
1380 333 1404 372 ,
1462 277 1511 350 fi
1544 279 1695 354 fieri
1729 362 1732 366 ,

226 378 457 474 potest
483 433 507 472 ‚
575 377 958 477 consequar
986 402 1011 463 3
1085 378 1245 448 etim
1315 376 1697 488 Praesertim

230 475 442 551 etiam
485 476 559 549 in
610 473 1148 574 probationibus
1200 474 1519 548 faciliore
1576 474 1698 547 fim

176 620 180 622 -
225 573 469 647 animo
515 572 663 667 ejus
722 573 1056 647 abusurus
1089 626 1115 665 ,
1173 592 1527 669 occupato
1579 575 1698 650 vel

221 669 323 746 ira
353 726 377 764 ,
429 672 545 760 ‚vel
571 671 1076 745 miseratione?
1528 745 1533 751 .

315 773 426 844 An
452 795 598 844 non
628 772 908 843 Marcus
937 767 1217 841 Tullius
1243 766 1427 840 circa
1452 768 1698 849 verbe·
1723 811 1775 859 7.
1805 788 1947 844 Vm.
1970 804 2069 844 ιω.

219 894 299 942 ra
328 868 502 943 civis
535 868 842 939 Romani
867 890 1114 939 omnes
1137 864 1529 940 breviffime
1556 892 1703 941 mo-

218 982 345 1042 vet
368 967 656 1040 affeetus
683 968 713 1040 2
742 989 888 1037 non
911 962 1134 1047 soliim
1163 962 1575 1040 conditione
1596 967 1704 1062 ip-

212 1064 345 1137 fius
369 1118 393 1157 ,
428 1065 600 1136 loco
623 1063 892 1157 injuriae
916 1116 940 1155 ,
970 1087 1227 1162 genere
1271 1062 1696 1153 verberum,

213 1162 335 1236 sed
388 1161 606 1234 animi
663 1186 951 1261 quoque
1021 1160 1693 1244 commendatione?
1812 1185 1819 1190 ·

216 1261 582 1333 Summum
650 1258 839 1332 enim
887 1258 1127 1331 virum
1176 1257 1477 1329 ostendit
1505 1311 1529 1347 ‚
1577 1261 1700 1356 qui

215 1359 377 1430 etim
395 1357 615 1455 virgis
641 1357 1065 1438 caederetur,
1085 1378 1235 1425 non
1256 1353 1699 1449 ingemuerit,
1798 1364 1853 1378 '⁸

215 1480 364 1527 non
416 1452 823 1550 rogaverit,
875 1449 994 1523 sed
1031 1451 1314 1522 tantitm
1356 1450 1590 1524 civem
1630 1452 1701 1528 se

218 1553 624 1623 Romanum
657 1549 793 1623 effe
830 1572 989 1627 cum
1022 1546 1290 1623 invidia
1329 1549 1700 1645 caedentis,

222 1651 305 1721 ὃ(
327 1647 585 1720 fiducia
609 1646 779 1741 juris
797 1645 1236 1723 clamaverit.
1265 1646 1509 1738 Quid?
1538 1648 1701 1722 Phi.
1723 1684 1774 1734 3.
1803 1664 1946 1718 Vm.
1975 1677 2065 1735 76.
2182 1729 2193 1742 ,

214 1744 489 1818 lodami
536 1744 766 1818 casum
810 1748 1044 1819 nonne
1091 1745 1248 1815 ciun
1294 1767 1423 1840 per
1465 1761 1696 1820 totam
2162 1765 2179 1780 ·

215 1841 721 1940 expositionem
751 1843 1056 1917 incendit
1089 1841 1402 1928 invidia,
1439 1859 1587 1918 tum
1622 1846 1698 1920 in
1764 1891 1769 1898 ·

201 1939 563 2037 supplicio
586 1941 736 2038 ipso
769 1940 1098 2041 lacrymis
1131 1939 1482 2039 implevit,
1534 1945 1694 2018 ciun

203 2037 464 2123 ‚flentes
479 2049 624 2113 non
644 2057 787 2113 tam
805 2056 1125 2115 narraret
1152 2040 1364 2137 quam
1382 2040 1695 2120 ostende-

210 2154 371 2227 ret,
415 2156 689 2235 patrem
728 2139 817 2210 de
857 2137 1241 2222 ,mortefilii
1264 2190 1290 2225 ‚
1344 2137 1565 2214 filium
1597 2141 1690 2217 de

195 2234 486 2331 patris?
514 2237 711 2328 Quid
738 2235 859 2307 ulli
889 2235 1152 2332 epilogi
1171 2237 1446 2331 poffunt
1470 2238 1691 2309 habe-

210 2356 291 2404 re
335 2330 728 2404 miserabile
759 2331 1031 2426 magis?
1072 2333 1318 2402 Serum
1369 2332 1467 2403 est
1502 2333 1689 2407 enim

209 2428 569 2500 advocare
595 2426 700 2497 his
728 2428 935 2500 rebus
961 2425 1280 2498 affeaum
1307 2428 1378 2497 in
1403 2453 1689 2523 perora-

117 2591 126 2596 .
208 2523 455 2614 tione,
478 2547 652 2623 quas
680 2523 961 2598 securus
979 2523 1400 2607 narraveriS.
1454 2525 1686 2601 Ass'ue-
1792 2603 1800 2616 ‚

211 2621 322 2695 vit
367 2620 500 2695 iuis
541 2619 1106 2720 judex‚j2'1mque
1146 2645 1266 2704 eas
1300 2620 1437 2695 fine
1481 2640 1682 2699 motu

206 2719 460 2793 mentis
488 2719 792 2817 accipit,
842 2718 1094 2818 quibus
1132 2738 1524 2795 commotus
1556 2747 1685 2795 no-

208 2816 321 2889 vis
351 2842 495 2891 non
522 2818 658 2891 est:
701 2821 780 2894 &
831 2817 1105 2901 difficile
1134 2816 1232 2890 est
1256 2837 1530 2905 mutare
1561 2820 1681 2896 ha-

205 2911 431 2987 bitum
466 2913 677 3000 animi
697 2915 909 2992 semel
936 2915 1410 3010 Constitutum.

304 3015 395 3085 V.
430 3015 632 3087 EGO
666 3013 846 3091 verb
868 3013 1143 3113 (neque
1168 3013 1359 3087 enim
1380 3012 1678 3099 diffimu·
1722 3068 1733 3080 2

193 3106 378 3200 ,labo
419 3108 757 3207 judicium
804 3134 1043 3188 meum
1064 3162 1097 3200 ‚
1159 3133 1561 3280 qugdnqpam
1603 3110 1676 3185 id

1369 3231 1417 3304 11
