2200 3784
458 97 600 192 236
744 80 1176 168 L11's.1v‚
1266 93 1507 169 CAP.
1588 94 1653 171 1.·
1727 178 1732 181 ⁷
1819 144 1826 149 <

455 210 530 284 in
570 211 965 285 narratione
1002 236 1503 309 nonnunquam
1533 265 1556 303 ‚
1603 213 1684 284 &
1719 211 1792 285 in
1823 237 1933 303 arf

455 309 798 406 gumentis
817 363 840 401 ‚
860 326 940 381 ut
963 308 1323 382 attendant
1347 363 1373 399 ,
1402 310 1481 380 &
1505 318 1582 382 u't
1596 309 1888 385 faveant
1903 361 1927 401 ‚

456 428 784 502 rogamus
822 432 840 476 :
888 431 1034 505 quo
1065 406 1400 478 Prodicus
1434 406 1639 481 velut
1666 407 1931 479 dormi-

456 516 684 574 tantes
715 527 841 576 eos
874 503 1161 584 excitari
1194 503 1484 600 putabat
1522 530 1545 590 3
1593 504 1802 602 quale
1834 502 1932 583 est

459 598 868 672 Ciceronis:
902 604 1069 672 Tum
1096 603 1171 673 C.
1198 607 1485 673 Varenus
1501 651 1526 686 ‚
1549 605 1606 671 is
1620 604 1737 696 qui
1752 600 1927 688 cisit-

456 699 641 767 milia
663 700 1085 768 Anchariana
1106 700 1343 791 occf'fus
1372 702 1454 804 est
1470 725 1495 767 .·
1528 700 1671 769 Hoc
1690 747 1719 782 ,
1762 725 1931 792 qua-f

434 793 522 884 fi>
541 842 568 876 ‚
602 795 862 865 Iudices
880 845 907 879 ,
944 798 1272 890 diligenter
1294 797 1611 870 attendite.
1661 795 1931 891 Utique}

454 885 506 957 fi
549 884 918 986 multip'lex
960 890 1162 963 causa
1207 889 1306 963 est
1330 946 1354 981 ,
1393 889 1509 963 sua
1538 889 1929 988 quibusque

455 986 775 1080 partibus
795 988 1019 1060 danda
1035 986 1364 1083 ,praefatio
1379 985 1512 1057 est:
1541 1003 1618 1058 ut
1634 1041 1657 1076 ,
1682 988 1928 1060 Audite
2031 986 2038 992 ’

456 1106 627 1153 nunc
642 1088 901 1178 reliqua.
928 1087 1016 1155 Et
1034 1135 1061 1169 ‚
1091 1087 1368 1178 Transeo
1387 1110 1557 1154 nunc
1571 1087 1750 1160 illuc:
1780 1082 1922 1156 Sed

455 1176 532 1267 in
559 1178 712 1275 ipfis
737 1179 948 1252 etiam
974 1172 1495 1277 probationibus
1523 1181 1739 1255 multa
1766 1179 1930 1272 funff-

163 1310 212 1342 η.
253 1309 349 1359 ιι,
378 1294 425 1344 o
456 1296 712 1373 guntur
746 1276 1072 1374 prooemii
1107 1279 1260 1352 vice
1283 1331 1306 1367 ‚
1352 1293 1429 1348 ut
1467 1274 1632 1348 facit
1659 1276 1924 1349 Cicero

96 1371 144 1474 ‘¹
164 1362 242 1405 ¹⁸·
456 1399 591 1470 pro
628 1373 964 1449 Cluentio
991 1430 1014 1467 ,
1051 1375 1355 1448 ὀὶθαιτιιε
1382 1390 1623 1449 contra
1653 1371 1926 1463 Censo-

196 1480 246 1512 ”·
288 1484 425 1541 7·ῑῡ·.
454 1495 609 1545 res:
637 1495 770 1569 pro
797 1474 1093 1546 Murena
1112 1528 1135 1564 ‚
1169 1473 1323 1548 ctam
1347 1470 1597 1555 Servio
1621 1470 1689 1544 se
1718 1493 1926 1543 excua

456 1567 583 1640 sat.
609 1570 876 1641 Verum
901 1569 974 1641 id
992 1569 1428 1668 frequentius
1461 1569 1597 1661 est,
1623 1568 1829 1669 quam
1850 1581 1929 1640 ut
1965 1596 1968 1601 ·

461 1664 802 1761 exemplis
837 1662 1388 1739 confirmandum
1420 1666 1524 1741 fit.
1595 1687 1605 1693 ·
1693 1686 1721 1703 “·

536 1760 633 1831 Χ.
675 1762 1092 1852 QUOTIES
1125 1778 1359 1834 autem
1387 1765 1743 1858 prooemio
1782 1763 1926 1836 fue-

459 1855 673 1946 rimus
698 1855 815 1926 ·ufi
840 1908 864 1943 ,
910 1874 1058 1927 tum
1093 1857 1237 1928 five
1287 1858 1375 1926 ad
1418 1860 1931 1952 expofitionem

458 1949 888 2022 transibimus
908 2003 931 2038 ‚
955 1950 1096 2022 five
1117 1948 1435 2044 protinus
1453 1953 1938 2059 adoprobatiof

455 2068 618 2135 nem
644 2099 667 2136 ‚
709 2044 779 2116 id
819 2045 1110 2121 debebit
1148 2044 1221 2117 in
1263 2043 1610 2144 principio
1650 2047 1930 2144 postte?

455 2166 648 2214 mum
678 2140 856 2234 effe,
886 2143 997 2219 cui
1017 2141 1565 2218 commodiffime
1589 2142 1777 2244 jungi
1800 2142 1932 2217 ini-

460 2241 637 2316 tium
669 2239 1107 2342 sequentium
1184 2239 1420 2318 oterit.

553 2339 678 2415 Illa
728 2341 908 2416 vero
952 2341 1108 2442 frigi
1159 2367 1199 2415 a
1254 2344 1333 2416 δε
1380 2340 1663 2439 puerilis
1713 2338 1811 2413 est
1855 2336 1926 2409 in

460 2436 716 2511 scholis
743 2439 1090 2513 affeftatio
1112 2493 1135 2530 ‚
1169 2455 1247 2512 ut
1277 2438 1418 2534 ipse
1443 2438 1756 2512 tranfitus
1780 2434 1931 2527 esti-5

463 2535 606 2605 ciat
633 2535 936 2632 aliquam
964 2536 1203 2645 utique
1234 2534 1686 2621 sententiam,
1710 2532 1931 2607 &hu-

458 2628 569 2722 jus
603 2630 803 2712 velut
832 2631 1178 2727 praestigiae
1219 2628 1530 2725 plausum
1551 2642 1750 2725 petat
1779 2652 1797 2696 ε
1850 2641 1931 2701 ut

461 2723 765 2797 Ovidius
794 2725 1113 2801 lascivire
1145 2725 1218 2795 in
1252 2719 1797 2819 Metamorphofi
1822 2722 1931 2795 so·
1969 2780 1976 2787 .

462 2819 565 2895 let
603 2845 627 2908 3
675 2844 885 2918 quem
918 2818 1524 2895 tamen-excusare
1570 2817 1931 2895 neceffitas

465 2916 690 3016 potest
723 2972 747 3011 ,
800 2941 913 2995 res
969 2916 1445 2997 diverfiffimas
1501 2916 1577 2990 in
1628 2916 1937 3013 speciem

467 3015 669 3115 unius
720 3014 1045 3118 corporis
1099 3015 1564 3119 colligentem.
1633 3012 1931 3111 Orator-i
