2200 3784
485 142 587 219 ¹16
772 140 828 216 L
877 165 907 215 1
953 134 1140 219 Β.’Ϊ.
1213 146 1279 220 C
1320 160 1375 219 Α
1424 166 1499 222 P.
1557 145 1615 222 1.

485 272 647 330 runt
671 307 701 344 ,
732 259 1063 333 videntur
1084 286 1232 335 non
1256 278 1403 343 tam
1425 259 1845 338 discentibus
1873 259 1948 341 in:

486 354 620 427 hac
652 373 848 450 parte
875 413 900 450 ,
936 360 1148 458 quam
1169 360 1582 435 docentibus
1614 357 1956 460 pepercis-

486 450 579 529 se.
620 454 817 549 Quid
868 457 1117 532 melius
1166 459 1436 558 alioqui
1466 458 1728 547 facient
1765 513 1800 551 ‚‚
1861 468 1964 532 ek*

480 573 627 647 quo
653 552 852 652 loqui
874 573 1207 652 poterunt
1228 560 1257 633 ἒ
1298 559 1579 631 Faciant
1607 557 1794 645 enim
1816 554 1958 630 ali·

484 647 657 745 quid
692 652 963 728 necefl'e
997 654 1117 728 est.
1176 656 1319 728 Aut
1351 681 1474 731 cur
1508 658 1644 731 hoc
1669 711 1694 747 ‚
1722 679 1946 754 quan-

481 745 985 849 tulumcunque
1006 752 1104 826 est
1123 808 1144 844 ,
1173 753 1389 853 usque
1421 755 1508 828 ad
1533 753 1798 852 septem
1822 777 1952 824 an·-

476 867 611 918 nos
653 847 924 931 lucrum
972 849 1395 926 fastidiamus
1433 852 1462 928 t·
1528 854 1718 927 Nam
1755 849 1977 926 certe

472 945 866 1040 quamlibet
908 973 1157 1046 parum
1201 949 1282 1023 fit
1334 952 1527 1048 quod
1571 946 1952 1025 contulerit

477 1048 643 1118 aetas
671 1044 895 1141 prior,
920 1046 1193 1143 majora
1216 1066 1454 1124 tamen
1468 1049 1700 1149 aliqua
1726 1046 1947 1122 discet

481 1163 662 1238 puer
687 1167 779 1216 eo
812 1144 965 1242 ipso
991 1170 1181 1221 anno
1210 1201 1233 1239 ‚
1280 1172 1428 1246 quo
1468 1148 1745 1222 minora
1769 1143 1952 1218 didi-

477 1237 693 1314 ciffet.
740 1241 899 1318 Hoc
933 1269 1061 1340 per
1087 1243 1387 1343 singulos
1429 1271 1653 1321 annos
1684 1267 1947 1343 proto,-

474 1354 713 1435 gatum
729 1393 753 1431 ,
783 1339 857 1412 in
876 1340 1213 1419 summam
1238 1343 1516 1442 proficit
1536 1372 1562 1434 3
1595 1346 1703 1437 δε,
1727 1367 1950 1443 quan-

475 1452 629 1510 tum
675 1435 749 1510 in
787 1437 1078 1514 infantia
1119 1441 1607 1540 praesumptum
1647 1442 1948 1519 esttem-

472 1534 673 1632 poris
702 1592 727 1628 ‚
776 1538 1263 1616 adolescentiae
1297 1542 1710 1641 acquiritur.
1747 1540 1958 1627 Idem

472 1632 688 1708 etiam
715 1636 802 1709 de
827 1633 1275 1737 sequentibus
1301 1639 1498 1714 annis
1521 1654 1953 1739 praeceptum.

472 1729 584 1823 fit,
602 1758 716 1822 ne,
738 1737 931 1831 quod
960 1737 1214 1834 cuique
1242 1736 1642 1812 discendum
1678 1737 1810 1829 est,
1837 1736 1945 1811 se'-

402 1878 412 1913 .=
468 1830 571 1909 rb„
600 1830 865 1904 discere
898 1832 1209 1929 incipiat.
1266 1834 1435 1906 Non
1478 1860 1650 1934 ergo
1680 1835 1945 1931 perda-

386 1922 405 1975 f'
471 1952 625 2002 mus
663 1928 972 2026 primum
991 1930 1218 2002 statim
1243 1946 1517 2027 tempus
1555 1958 1582 2003 ε
1604 1946 1675 2003 at
1730 1953 1816 2002 ue
1843 1932 1948 2024 ec>

372 2112 379 2133 J
472 2026 699 2099 minus
727 2081 759 2119 ,
839 2027 984 2100 ubd
1011 2027 1208 2100 initia
1238 2026 1592 2102 literarum
1619 2026 1696 2101 so
1728 2028 1770 2102 έί
1793 2051 1942 2100 me-

370 2156 375 2165 ·
470 2124 709 2197 moria
748 2123 1115 2213 constant3
1163 2150 1320 2224 quae
1364 2150 1508 2199 non
1546 2126 1764 2201 modi>
1795 2125 1944 2220 jam

360 2244 369 2295 ς
471 2222 570 2297 est
602 2221 675 2297 in
698 2223 933 2320 parvis
960 2277 988 2318 ,
1013 2223 1137 2299 sed
1164 2241 1316 2307 tum
1351 2223 1570 2301 etiam
1593 2224 1942 2317 tenacissi-⁴

362 2330 399 2375 ’κ
472 2347 589 2401 ma
618 2321 744 2398 est.
1130 2403 1137 2411 ,

567 2422 725 2497 Nec
760 2418 913 2499 sum.
933 2421 1117 2498 adef>
1156 2432 1438 2500 aetatuni
1476 2424 1880 2525 imprudens
1911 2441 1946 2520 ;

380 2468 409 2603 ‚s
467 2535 548 2594 ut
598 2520 980 2596 instandum
1015 2524 1285 2599 teneris.
1327 2525 1644 2621 protinus
1683 2526 1942 2600 acerbe

470 2638 757 2720 putem,
810 2620 1364 2720 exigendamque
1427 2625 1710 2720 plenam
1758 2648 1937 2721 ope-

380 2726 391 2803 }
470 2741 654 2811 ram.
687 2715 870 2787 Nam
895 2715 971 2787 id
1002 2718 1075 2789 in
1093 2718 1336 2816 primis
1363 2745 1617 2796 cavere
1644 2738 1940 2819 oporte:-

376 2808 385 2899 ξ
468 2814 572 2887 bit
600 2869 622 2903 ‚
654 2835 742 2886 ne
773 2810 994 2889 studia
1025 2818 1148 2916 qui
1192 2842 1429 2893 amare
1474 2820 1783 2893 nondum
1810 2816 1962 2915 poi

368 2922 379 2993 1
467 2910 600 2985 test
631 2966 654 3004 ,
702 2909 932 2988 oderit
974 2943 992 2988 ε
1036 2919 1116 2991 δι
1145 2917 1681 2992 amaritudinem
1720 2915 1935 3011 semel
2031 2984 2056 2997 ,,

358 3014 375 3097 ξ’
469 3025 875 3108 perceptam
913 3070 930 3100 ,
975 3013 1190 3087 etiam
1230 3016 1413 3087 ultra
1453 3017 1658 3089 rudes
1708 3038 1941 3088 annos

348 3114 361 3153 ¹
469 3109 905 3221 teforntidetq
961 3113 1174 3192 Mus
1201 3112 1314 3195 hic
1328 3113 1410 3191 fit
1437 3148 1459 3197 a
1491 3118 1569 3195 &
1594 3126 1889 3218 rogetur
1905 3168 1946 3223 2
