2200 3784
467 122 630 196 DE
742 116 1445 209 DRAEC‚EP·1·IS.,
1553 146 1715 228 1.35;

214 239 547 342 quaedam
569 241 646 314 &
664 236 1004 336 impetum
1019 264 1045 327 3
1089 238 1330 315 sedent
1359 238 1497 314 alia
1518 298 1542 334 ‚
1567 246 1698 321 vel

212 338 667 425 incumbunt3
689 336 879 410 nuda
893 336 1209 432 haec„illa
1227 340 1464 416 velata
1481 341 1639 419 sunt
1663 369 1696 433 ;

271 439 543 514 uaedam
589 435 787 509 mista
816 460 912 509 ex
934 453 1266 537 utroque.
1312 440 1507 533 Quid
1548 460 1717 519 tam:

210 464 589 610 distortum
619 539 699 610 &
725 534 1166 610 elaboratum
1183 592 1206 629 ‚
1225 538 1433 636 quam
1459 538 1696 621 estille.

214 634 658 710 Discobolos
691 651 721 681 ‘²
757 634 1137 728 Myronis?
1163 635 1236 709 Si
1266 638 1423 735 quis
1462 655 1711 720 tamen-

212 750 296 807 ut
318 758 571 832 parum
585 732 849 815 reflum
879 732 1241 830 improbet
1269 760 1453 832 opus
1470 789 1494 825 ,
1515 739 1701 814 non-

220 840 309 906 ne
334 832 425 904 ab
459 831 821 908 intelleEtu
866 833 1030 905 artis
1057 834 1364 907 abfuerit
1389 890 1415 925 ,
1451 833 1524 907 in
1556 862 1713 933 qua:

219 931 352 1008 vel.
363 929 716 1028 praecipue
739 929 1105 1022 laudabilis
1139 931 1236 1003 est
1254 931 1371 1004 illa
1399 932 1542 1029 ipsa
1567 960 1727 1011 no-·

218 1026 409 1105 vitas
428 1055 511 1103 ac
536 1028 897 1104 difficultas
918 1027 945 1104 ἓ
966 1031 1204 1122 Quam
1232 1030 1515 1129 quidem
1539 1057 1701 1132 gra-

215 1127 393 1203 tiam
425 1130 504 1201 &
526 1127 1061 1219 delektationem
1086 1128 1384 1215 afferunt
1408 1128 1646 1228 figurae
1671 1188 1697 1225 ,

273 1251 523 1324 uoeque
548 1224 621 1298 in
648 1225 944 1300 senfibus
965 1283 988 1320 ,
1019 1253 1316 1325 quaeque
1344 1228 1417 1299 in
1457 1230 1701 1304 verbis

216 1252 404 1411 punt.
435 1326 714 1398 Mutant
742 1326 931 1399 enim
955 1324 1219 1421 aliquid
1245 1325 1285 1395 a
1315 1325 1506 1397 refto
1532 1378 1558 1417 ,
1593 1341 1701 1396 at·-

220 1447 367 1523 que
381 1422 561 1496 hanc
584 1446 726 1520 prae
750 1421 819 1492 se
844 1421 1186 1494 virtutem
1205 1419 1441 1492 ferunt
1458 1475 1482 1513 ,
1509 1421 1705 1520 quod

218 1517 799 1596 &consuetudine
833 1516 1108 1616 vulgari
1144 1516 1592 1594 recefferunt.

265 1684 278 1695 ,
320 1620 563 1691 Habet
581 1618 653 1688 in
677 1615 940 1712 pifilura
958 1614 1263 1713 speciem
1289 1633 1441 1691 tota
1460 1616 1711 1693 facies:

216 1716 516 1815 'Apelles
550 1732 786 1788 tamen
830 1714 1198 1814 imaginem
1231 1715 1569 1816 Antigoni
1603 1715 1708 1788 la,-

221 1838 383 1894 tere
417 1816 689 1889 tantum
716 1812 943 1888 altero
984 1813 1287 1889 ostendit
1305 1871 1329 1907 ‚
1377 1831 1452 1888 ut
1493 1813 1706 1888 amiffi

226 1915 419 1991 oculi
435 1912 851 1988 deformitas
875 1912 1155 1987 lateret.
1180 1914 1377 2007 Quid
1401 1915 1430 1989 ἓ
1454 1939 1599 1987 non
1633 1913 1708 1986 in

119 2108 126 2113 ·
225 2013 552 2089 oratione
580 2012 967 2115 opetgienda
995 2010 1150 2089 sunt
1174 2012 1491 2111 quaedam
1511 2069 1534 2103 ,
1558 2011 1707 2091 five

228 2112 499 2188 ostendi
528 2137 673 2185 non
704 2111 967 2186 debent
984 2143 1020 2204 ,‘
1044 2109 1189 2186 five
1235 2112 1531 2211 exprimi
1569 2134 1707 2209 pro

231 2211 571 2312 dignitate
600 2234 743 2282 non
760 2210 1088 2309 poffunt?
1116 2212 1214 2283 Ut
1237 2209 1406 2284 fecit
1431 2210 1709 2284 Timan-

232 2311 392 2386 thes
417 2326 546 2399 ,‚ut
566 2308 820 2404 opinor
847 2363 869 2399 ‚
895 2307 1249 2394 Cithnius,
1270 2308 1343 2380 in
1361 2334 1447 2381 ea
1470 2308 1710 2383 tfflula

232 2434 379 2507 qua
410 2405 724 2478 Coloten
759 2406 1014 2477 Teium
1036 2406 1238 2481 vicit.
1267 2417 1302 2454 ⁴¹
1330 2407 1515 2481 Nam
1549 2406 1710 2481 cum
1730 2458 1761 2504 h

1797 2390 1829 2420 ³*
1865 2388 2076 2442 Eandem

1768 2456 1975 2504 istoriam
1996 2460 2073 2503 vi·

235 2507 313 2579 in
370 2501 740 2599 Iphigeniae
832 2502 1315 2577 immolatione
1395 2501 1709 2600 pinxiffet
1726 2521 1787 2570 de
1816 2520 1945 2586 apud
1982 2520 2080 2568 mi.

238 2601 505 2677 tristem
552 2599 1050 2696 Calchantem,
1084 2601 1458 2697 tristiorem
1504 2599 1710 2701 Ulys-

1729 2589 1861 2644 nium
1878 2585 1909 2632 l.
1934 2601 2003 2644 ἃς.
2028 2601 2075 2631 c.

1735 2668 1790 2700 10
1829 2650 1954 2716 apud
1971 2657 2071 2695 Va-

236 2702 427 2794 sem‚
478 2697 833 2774 addidisset
898 2701 1231 2775 Menelao
1281 2704 1505 2799 quens
1533 2696 1895 2774 sum-lerium
1944 2714 1974 2761 L
2029 2729 2076 2772 ³·

235 2826 431 2876 mum
472 2815 757 2899 poterat
802 2823 915 2873 ars
957 2799 1237 2881 efficere
1277 2823 1657 2877 moerorem
1680 2827 1707 2875 ,ε
1730 2800 1756 2832 ⁶

297 2959 329 2990 a
359 2946 413 2991 M
448 2955 503 2990 ro
534 2940 744 3005 optimus
775 2937 950 2987 statua·
999 2953 1117 2986 xum
1168 2939 1220 2987 δε
1269 2951 1497 2988 conatum
1548 2937 1713 2985 horni-

232 3007 347 3063 rius.
443 3003 674 3071 iscobolos
697 3035 715 3061 ,
755 3002 808 3052 id
849 3002 947 3060 est,
999 3007 1073 3052 nis
1094 3001 1280 3052 discum
1314 3007 1466 3067 jacere
1500 3001 1715 3053 mouen-

238 3069 425 3118 discum
480 3071 670 3131 jaciens²
726 3073 840 3126 Qua
897 3083 949 3114 m
1000 3072 1078 3119 tis.
1118 3065 1269 3121 Turn·

240 3134 392 3183 statua
431 3131 549 3187 mite
601 3133 815 3200 exptcssit
869 3133 944 3181 ni·

1759 2821 1771 2836 .
1807 2797 1880 2837 11,
