2200 3784
481 200 635 278 ³222
815 185 930 255 «ΕΙ
959 204 1028 257 Β.
1076 186 1240 259 fv.
1313 178 1378 259 C
1407 202 1558 259 ΑῬ.
1616 184 1680 260 L

588 301 928 375 Praeterea
952 301 1380 376 detrahenda
1405 303 1525 378 vel
1550 303 1986 378 confirmant-⁴

496 398 583 468 da
611 396 853 493 opinio
879 452 901 489 ,
932 398 981 470 fi
1003 424 1217 497 quam
1289 401 1586 498 raecipue
1609 401 1829 473 domo
1856 404 1973 475 vi-

386 516 391 521 ’
492 492 772 566 debitur
824 494 1035 588 judex
1080 505 1228 569 attu
1255 496 1401 573 iffe.
1469 499 1704 571 Metus
1748 499 1983 571 etiam·

492 614 999 689 nonnunquam
1020 594 1118 667 est
1144 595 1577 669 amovendus
1596 650 1618 686 ,
1647 613 1727 667 ut
1753 595 1977 670 Cice-

495 712 579 758 ro
608 712 739 786 pro
772 689 1039 764 Milone
1063 746 1085 782 ,
1116 715 1205 764 ne
1230 716 1421 764 arma
1448 690 1766 788 Pompeii
1802 704 1975 767 con'-

400 837 404 841 -
495 801 603 858 tra
654 786 724 859 se
773 788 1088 885 disposita
1140 805 1465 886 putarent
1497 843 1519 881 ,
1558 790 1914 866 laboravit
1947 816 1984 862 ε

190 923 215 949 .
249 921 389 972 Vm.
416 935 465 970 2,
495 907 997 983 nonnunquam
1041 886 1472 973 adhibendus,
1498 941 1522 980 ,
1574 904 1656 959 ut
1695 887 1884 961 idem
1924 889 1974 926 ⁴¹·

128 1002 233 1067 {³⁰²³
277 984 469 1097 <gam-
499 981 570 1053 in
599 985 898 1053 Verrem
925 983 1117 1055 facit.
1367 998 1370 1001 ‘

116 1049 288 1179 fgzss
311 1065 470 1180 „5321
598 1079 736 1149 Sed
767 1079 1135 1152 adhibendi
1171 1082 1421 1155 modus
1464 1080 1642 1155 aner
1680 1079 1798 1153 ine
1835 1079 1978 1154 fre-

139 1191 211 1238 ψ·
502 1198 725 1272 quens
760 1176 855 1248 est
890 1176 967 1248 &
1007 1177 1457 1272 favorabili8‚
1491 1203 1580 1252 ne
1612 1179 1796 1250 male
1826 1179 1979 1252 sen-

486 1272 636 1345 ·tiat
709 1275 1006 1371 populus
1069 1277 1425 1351 Romanus
1472 1330 1492 1360 ‚
1560 1300 1646 1348 ne
1710 1273 1986 1368 judicia·

503 1373 1051 1446 transferantur:
1082 1375 1259 1447 alter
1285 1391 1518 1448 autem
1543 1373 1735 1468 asper
1758 1374 1835 1444 &
1861 1394 1990 1442 ra-·

497 1488 626 1543 ‘rus
651 1525 672 1560 ,
719 1494 862 1568 quo
893 1471 1197 1545 minatur
1220 1473 1574 1572 corruptis.
1601 1466 1986 1542 accusatio-

495 1584 672 1641 'nem
699 1621 721 1658 ,
759 1568 930 1641 &id
954 1568 1238 1668 quidem
1264 1571 1337 1645 in
1362 1563 1981 1663 concilioamplio·

506 1691 588 1736 re
610 1719 632 1751 ‚
675 1680 1028 1763 utcunque
1066 1668 1280 1740 tutius
1310 1696 1333 1755 3
1369 1693 1529 1742 nam
1562 1668 1638 1741 ὅ(
1675 1665 1845 1737 mali
1878 1663 1986 1735 in-

510 1760 879 1852 hibentur,
931 1768 1010 1836 &
1039 1762 1208 1835 boni
1248 1767 1600 1861 gandent:
1639 1764 1824 1861 apud
1850 1758 1990 1834 fin-

404 1923 423 1930 ,
557 1859 713 1930 ulos
738 1855 916 1931 vero
940 1882 1294 1956 nunquam
1320 1860 1645 1934 suaserim
1668 1913 1688 1949 ‚
1728 1857 1850 1931 nifi
1869 1855 1991 1930 de-

498 1884 802 2026 }ecerint
831 1953 1092 2025 omnia.
1139 1954 1355 2044 Quod
1381 1954 1429 2026 fi
1456 1954 1817 2027 neceffitas
1845 1950 1991 2028 exi·

498 2047 647 2146 git,
681 2070 824 2118 non
844 2046 973 2119 erit
996 2045 1138 2141 jam
1165 2071 1251 2119 ex
1278 2064 1430 2121 arte
1459 2047 1769 2119 oratoria
1791 2101 1813 2139 ,
1842 2073 2004 2121 non:

472 2143 728 2243 ··magis
754 2143 962 2241 quam
987 2143 1336 2244 appeflare
1359 2199 1381 2236 ,
1413 2140 1676 2219 etiamsi
1703 2142 1774 2215 id
1801 2166 1994 2242 quo-

514 2266 653 2340 que
680 2239 853 2339 saepe
872 2241 1055 2317 -utile
1092 2241 1190 2316 est
1210 2298 1231 2332 ‚
1274 2260 1392 2317 aut
1421 2258 1795 2341 antequam
1818 2265 1994 2339 pro·-

515 2339 831 2432 nuntiet,
877 2348 1076 2414 reum
1115 2338 1373 2419 facere.
1418 2343 1600 2416 Nam
1628 2341 1707 2415 &
1738 2336 1991 2413 minari

523 2440 600 2512 &
631 2436 902 2511 deferre
925 2493 947 2529 ‚
986 2440 1199 2519 etiam
1223 2464 1365 2513 non
1396 2457 1642 2515 orator
1667 2435 1913 2534 potest.

617 2537 689 2609 Si
712 2537 912 2610 causa
932 2538 1353 2612 conciliandi
1373 2538 1572 2610 nobis
1585 2535 1832 2628 judicis
1850 2558 1995 2604 ma·

521 2634 775 2705 teriam
795 2633 1029 2725 dabit,
1056 2661 1145 2706 ex
1169 2635 1296 2706 hac
1315 2633 1734 2729 potiflimum
1758 2630 2002 2723 aliqua„

525 2731 596 2800 i'n
631 2729 825 2816 usum
855 2729 1231 2824 principii,
1274 2755 1429 2825 quae
1458 2726 1758 2800 maxime
1783 2723 1995 2797 favo-

524 2823 770 2898 rabilia
831 2826 1260 2898 videbuntur
1289 2879 1312 2914 ‚
1361 2825 1637 2920 decerpi
1701 2836 1997 2918 oporte-

528 2922 660 2995 bit.
689 2977 706 2994 .
737 2923 915 3013 Quae
931 2922 1056 2995 fint
1082 2945 1297 3018 porro
1318 2920 1388 2990 in
1410 2921 1621 2992 caufis
1644 2916 2004 3009 favoffli-

522 3021 622 3091 lia
653 3074 675 3109 ‚
718 3044 1126 3092 enumerare
1156 3043 1297 3091 non
1328 3017 1422 3090 est
1454 3018 1722 3093 necefl'e
1757 3044 1774 3089 ε
1819 3040 2001 3113 quo-

536 3116 721 3194 niam
744 3116 1201 3216 &manifesta
1239 3135 1440 3193 erunt
1474 3116 1752 3221 cognita
1783 3110 2009 3204 quuss-
