2200 3784
326 133 334 142 ’
367 127 495 202 ΒΕ
522 129 864 205 Jumcm
894 143 998 198 ετ
1023 124 1471 201 Consum.
1568 85 1710 228 435

213 260 341 321 ret
372 245 633 320 oratio.
662 247 849 320 Nam
875 246 1069 346 quod
1102 244 1176 317 in
1196 269 1299 318 -eo
1340 244 1702 322 confilium

218 343 536 423 maxime
577 344 796 418 mirer
833 346 864 420 ἓ
897 343 1290 442 primamne
1329 344 1704 442 expofitio-

215 449 437 538 nem,
470 470 610 546 qua
658 442 909 537 matri,
946 442 1146 536 cujus
1167 441 1385 515 filium
1420 469 1702 541 preme-

213 540 362 615 bat
415 541 793 616 auetoritas
839 595 865 633 ,
933 539 1212 616 abstulit
1271 540 1484 615 fidem
1517 544 1547 617 ἓ
1607 568 1699 618 an

215 638 425 738 qubd
491 640 682 714 idem
744 663 954 713 corru
1005 639 1059 709 ti
1134 636 1393 732 judicii·
1433 642 1701 715 crimen

210 735 603 813 transferre
621 738 694 811 in
708 664 1183 814 adverigrium
1201 736 1470 830 maluit,
1491 741 1700 837 quam

213 859 483 933 negare
536 855 827 934 propter
876 835 1349 910 inveteratam
1379 835 1511 932 (ut
1552 837 1699 934 ipse

214 934 441 1036 dicit)
487 933 908 1008 infamiam?
958 934 1066 1004 An
1101 933 1296 1031 qubd
1347 933 1420 1005 in
1474 958 1553 1008 re
1589 936 1700 1005 in-

211 1030 495 1109 vidiosa
512 1029 683 1130 legis
708 1029 972 1104 auxilio
989 1029 1353 1116 novfflime
1374 1030 1470 1105 est
1488 1031 1643 1104 usus
1664 1034 1695 1110 ἓ

273 1152 374 1201 uo
399 1152 653 1228 genere
685 1128 1097 1203 defe'nfionis
1122 1130 1337 1203 etiam
1373 1128 1701 1204 offendis-

258 1247 332 1302 et
357 1228 671 1301 nondum
693 1226 1147 1324 praemollitas
1169 1226 1479 1321 judicum
1500 1253 1701 1301 men-

220 1327 399 1402 tes?
434 1327 547 1396 An
594 1324 790 1424 qubd
831 1322 1131 1423 seipsum
1172 1323 1404 1401 invito
1435 1324 1704 1398 Cluen-

221 1423 335 1498 tio
364 1423 598 1497 facere
627 1420 912 1497 testatus
932 1419 1079 1498 est?
1115 1422 1308 1516 Quid
1336 1446 1470 1521 pro
1495 1423 1703 1498 Milo·
1832 1491 1835 1496 .

220 1545 319 1595 ne
342 1521 370 1596 ἒ
390 1519 583 1634 qubd
604 1545 747 1594 non
763 1520 922 1595 ante
937 1519 1279 1614 narravit,
1296 1521 1508 1622 quam
1526 1547 1704 1620 prae-
1758 1593 1784 1623 Ἰ

221 1616 504 1712 judiciis
530 1619 855 1694 omnibus
867 1644 1067 1695 reum
1091 1618 1476 1696 liberaret?
1507 1620 1703 1720 qubd

222 1715 619 1791 infidiarum
659 1716 995 1794 invidiam
1041 1718 1116 1790 in
1160 1718 1493 1792 Clodium
1539 1742 1704 1796 ver·

225 1815 370 1901 tit3
412 1839 811 1927 quanquam
860 1840 938 1890 re
984 1840 1164 1893 vera
1194 1815 1427 1890 fixerat
1468 1809 1729 1916 pugna*

225 1912 584 1990 fortuita)
616 1912 812 2011 qubd
838 1912 1094 1989 fafitum
1121 1914 1540 1991 &laudavit
1558 1972 1581 2007 ,
1618 1919 1713 1992 &-

225 2026 467 2085 tamen
503 2012 949 2088 voluntatem
993 2012 1280 2087 Milonis
1321 2013 1695 2091 removit?

228 2108 430 2207 qubd
470 2107 572 2183 illi
605 2134 855 2208 preces
892 2135 1037 2184 non
1069 2111 1267 2186 dedit
1293 2166 1317 2206 ,
1340 2114 1420 2188 δι
1451 2111 1526 2185 in
1577 2137 1701 2207 e27

224 2231 384 2279 rum
408 2208 648 2281 locum
670 2207 815 2306 ipse
843 2209 1156 2283 succeffit
1184 2212 1213 2283 ἓ
1238 2262 1256 2283 .
1294 2261 1316 2285 .

327 2303 507 2375 Illud
551 2303 786 2378 dicere
827 2303 980 2378 satis
1023 2305 1256 2394 habeo
1289 2358 1313 2395 ‚
1349 2304 1519 2379 nihil
1553 2308 1697 2396 effe

229 2424 375 2474 non
413 2399 634 2474 modb
660 2400 735 2473 in
776 2403 1050 2477 orando
1077 2459 1099 2495 ,
1135 2403 1346 2477 sedin
1375 2405 1568 2480 omni
1593 2408 1699 2481 vi...

229 2516 345 2591 ta,
382 2498 575 2612 prius
610 2498 955 2590 confilio*;
1005 2500 1392 2600 frustraque
1433 2502 1573 2576 fine
1603 2529 1698 2578 eo
1814 2507 1825 2520 “

230 2596 411 2671 tradi
450 2614 732 2673 caeteras
773 2617 956 2673 artes
1004 2627 1024 2673 ε
1073 2598 1368 2701 plusque
1411 2602 1531 2675 vel
1555 2601 1695 2678 fine

224 2694 537 2769 dofflina
563 2697 1000 2795 prudentiam
1027 2752 1052 2790 ,
1097 2699 1306 2798 quam
1349 2698 1489 2774 fine
1530 2726 1699 2798 pru-

226 2793 467 2867 dentia
480 2794 717 2870 facere
733 2795 1463 2898 doetrinamApparet
1481 2800 1697 2873 etiam

232 2889 626 2965 orationem
644 2897 1183 2972 accommodare
1198 2896 1398 2992 locj3‚
1415 2913 1699 2996 tempo-

235 2988 421 3160 ribJs
453 3046 475 3082 ,
504 2991 811 3087 personis
835 3048 861 3087 ‚
883 2994 1018 3072 effe
1051 2995 1360 3094 ejusdem
1382 2994 1694 3073 virtutis·

391 3115 518 3165 om.
559 3095 624 3167 J.
1314 3096 1382 3168 T
