2200 3784
536 88 675 185 DE
753 86 1459 162 PAnnnouss.
1589 105 1732 191 ²79

261 228 405 293 tres
431 204 938 306 propositiones
967 206 1372 281 extendere.
1403 210 1582 298 Quae
1594 206 1734 281 fine

264 306 486 380 dubio
530 304 581 377 fi
609 303 894 377 nimium
925 303 1004 376 fit
1056 304 1425 402 multiplex
1449 357 1474 395 ‚
1512 302 1735 402 fugiet

261 401 678 498 memoriam
718 400 1015 496 judicis,
1051 402 1132 477 δε
1172 402 1479 476 turbabit
1501 400 1739 475 inten-

263 501 751 576 tionem..Hoc
776 517 1012 575 tamen
1038 524 1335 574 numero
1359 500 1555 577 velut
1574 499 1732 599 lege

261 624 411 680 non
431 598 528 673 est
545 596 886 697 alliganda
905 654 931 692 ,
946 601 1113 678 cum,
1124 598 1328 697 poffit
1348 595 1550 674 causa
1574 599 1735 696 plu-

261 721 376 785 ‚res
409 695 815 770 defiderare.

357 794 515 867 Alia
559 793 714 866 sunt
746 792 968 891 magis
1015 810 1310 893 propter
1336 819 1491 894 quae
1514 795 1735 893 parti-

260 890 456 967 tione
512 916 659 964 non
699 890 970 989 semper
1026 891 1105 962 fit
1156 893 1517 967 utendum.
1578 894 1733 966 Pr-i-

255 992 453 1065 miun
477 1043 504 1080 ,
533 989 699 1088 quia
727 989 1064 1087 pleraque
1109 989 1421 1087 gratiora
1455 988 1611 1064 sunt
1633 1045 1660 1080 ,
1682 990 1738 1068 fi

257 1086 550 1163 inventa
578 1086 810 1161 subito
838 1141 863 1179 ‚
912 1112 1045 1161 nec
1073 1088 1293 1160 domo
1325 1088 1535 1161 allata
1558 1144 1582 1178 ‚
1614 1083 1732 1180 sed

127 1213 138 1220 ’
219 1245 232 1252 -
260 1183 448 1262 inter
472 1183 842 1264 dicendum
869 1210 960 1258 ex
984 1185 1224 1294 reipsa
1253 1204 1418 1259 nata
1447 1186 1733 1261 videan-

187 1358 192 1361 ,
259 1298 396 1360 tur.
441 1282 648 1357 Unde
686 1282 802 1355 illa
842 1305 986 1354 non
1016 1280 1394 1376 injucunda
1426 1281 1735 1357 schema-

260 1396 376 1455 ta:
414 1385 585 1453 Ρεηὲ
610 1383 852 1451 excidit
888 1382 1047 1449 mihi
1068 1407 1094 1451 .·
1124 1379 1203 1450 &
1225 1434 1249 1468 ,
1293 1382 1566 1476 Fugerat
1590 1407 1685 1452 me
1702 1408 1735 1453 .-

260 1478 344 1549 &
363 1530 391 1564 ‚
418 1481 601 1549 Κεὲἶὲ
616 1481 935 1550 admones.
958 1475 1337 1575 Propofitis
1357 1476 1541 1550 enim
1564 1501 1736 1576 pro-

259 1574 668 1648 bationibus
692 1629 717 1667 ‚
762 1573 992 1648 omnis
1017 1574 1092 1647 in
1118 1573 1462 1674 reliquum
1507 1574 1733 1675 gratia

264 1671 610 1747 novitatis
642 1672 1123 1772 praecerpitur.

349 1770 635 1844 Interim
668 1770 849 1848 vero
879 1770 1094 1845 etiam
1127 1768 1469 1860 fallendus
1504 1769 1602 1845 est
1627 1770 1735 1867 ju·

137 1928 142 1933 .
256 1866 449 1956 dex,
489 1869 568 1943 δε
602 1869 813 1946 variis
858 1861 1131 1943 artibus
1170 1868 1564 1945 subeundus
1595 1896 1615 1944 z
1649 1888 1730 1945 ut

255 1964 448 2039 aliud
481 1992 519 2040 a
571 1966 641 2061 i,
673 1969 890 2068 quam
906 1969 1101 2067 quod
1133 1968 1432 2067 petimus
1455 2023 1478 2060 ‚
1499 1986 1731 2068 putet.

249 2063 321 2164 N
325 2090 439 2138 am
468 1993 567 2140 es}
593 2091 1096 2167 nonnunquam
1120 2068 1290 2142 dura
1314 2066 1730 2166 propofitiO,
1797 2142 1806 2149 ,

251 2239 254 2244 ,
305 2188 466 2236 uam
495 2162 713 2260 judex
739 2165 793 2239 fi·
807 2164 1143 2264 providet
1162 2219 1185 2256 ‚
1218 2190 1362 2240 non
1390 2166 1591 2239 aliter
1610 2188 1722 2238 re·

248 2188 584 2344 {rmidat
607 2316 632 2353 ‚
680 2264 889 2360 quam
942 2262 1064 2363 qui
1111 2263 1373 2336 ferrum
1423 2262 1729 2355 medici,

252 2375 632 2458 antequam
657 2377 941 2458 curetur
959 2415 986 2452 ‚
1003 2358 1296 2457 aspexit.
1314 2361 1406 2432 At
1422 2358 1469 2431 fi
1484 2385 1559 2432 re
1578 2384 1723 2434 non

246 2456 410 2528 ante
453 2455 846 2554 proposita,
892 2455 1248 2545 securum,
1283 2479 1366 2531 ac
1389 2456 1577 2552 nulia
1602 2457 1725 2528 de-

246 2553 688 2642 nuntiatione
730 2554 803 2627 in
825 2554 904 2629 ·se
934 2553 1394 2647 conversum,
1443 2552 1720 2651 intrarit

246 2652 484 2727 oratio
509 2702 537 2739 ‚
565 2652 822 2730 efficiet
861 2652 1060 2754 quod
1098 2651 1542 2752 promittenti
1571 2675 1721 2732 non

249 2752 683 2827 crederetur.
757 2768 765 2780 '

257 2933 264 2940 ἐ
349 2848 637 2924 Interim
660 2848 1065 2949 refugienda
1085 2876 1233 2925 non
1259 2850 1476 2927 modo
1497 2850 1731 2925 distin-⁸

252 2943 873 3058 &io-quaestionum
922 2948 1060 3042 est,
1105 2949 1221 3025 sed
1255 2950 1544 3026 omnino
1571 2965 1719 3021 tra-

254 3042 501 3123 &auot
535 3047 885 3124 affectibus
917 3048 1474 3147 perturbandus»,
1506 3050 1586 3126 &
1624 3045 1719 3121 ab
