2200 3784
0 86 27 181 1

0 250 25 463 Ι
151 447 155 452 ,

0 690 15 1013 ³

0 1 604 21 w-‹ssssrffffiffl

10 188 29 247 ἓ

416 131 577 204 DE·
633 78 1430 209 mimia-riom.
1543 155 1684 229 239

202 249 352 339 est,
393 271 520 320 cur
545 265 806 318 ea-non
833 243 1240 317 debeantur.
1284 248 1369 318 Et
1401 245 1558 318 satis
1591 245 1690 318 est

206 345 435 420 nitori
466 398 488 435 ,
536 345 615 414 δε
645 342 862 439 magis
894 341 1174 438 expedit
1208 341 1294 415 fic
1323 345 1627 417 indicare
1662 369 1682 415 ε

207 445 405 518 Dico
426 443 513 513 ab
532 440 835 512 Horatio
854 439 1171 512 sororem
1196 440 1381 513 suam
1405 439 1690 514 interfe-

208 544 416 614 ἃειιῃ.
454 543 783 636 Namque
810 539 889 608 &
917 561 1073 610 cum
1097 539 1568 634 propositione
1586 537 1691 632 ju-

214 641 356 711 dex
388 636 650 709 crimen
677 658 886 709 omne
918 633 1274 731 cognoscit
1296 690 1320 726 ,
1353 641 1431 711 &
1458 636 1635 707 ordo
1663 689 1689 726 ‚

214 737 303 808 &
334 733 529 808 cansa
557 732 716 805 fasti
743 756 872 829 pro
891 730 1299 815 adversario
1325 759 1433 805 ma
1485 734 1541 805 is
1569 731 1689 808 est.

220 834 415 905 Reus
439 831 679 904 contra
715 842 881 901 tunc
923 830 1393 903 narrationem
1458 831 1695 902 ubtra-

220 929 328 1003 hit
350 984 373 1021 ,
409 929 563 1003 cnm
588 927 658 999 id
688 926 883 1023 quod
911 924 1239 1018 objicitur
1260 981 1282 1016 ,
1330 952 1462 1006 nec
1491 952 1700 1024 nega-

218 1027 282 1100 ri
305 1082 328 1118 ‚
364 1049 497 1098 nec
529 1022 840 1097 excusari
867 1021 1092 1120 potest
1113 1079 1136 1116 ,
1169 1024 1284 1099 sed
1317 1026 1386 1097 in
1419 1024 1564 1097 sola
1592 1026 1701 1118 ju-

220 1125 318 1194 ris
350 1122 725 1220 quaestione
778 1120 1071 1196 consistit
1105 1149 1122 1193 ε
1184 1140 1261 1195 ut
1315 1122 1387 1195 in
1440 1147 1531 1196 eo
1581 1119 1702 1220 qui

224 1222 384 1296 citm
426 1222 788 1316 pecuniam
821 1220 1167 1313 privatam
1206 1221 1466 1293 ex'aede
1508 1221 1703 1290 sacra
1793 1281 1797 1287 .

150 1371 159 1376 -
222 1317 555 1414 surripuit
585 1368 604 1398 ,
640 1313 974 1410 sacrilegii
1000 1338 1159 1385 reus
1194 1314 1288 1384 est
1318 1343 1334 1387 ε
1376 1313 1706 1388 confeffio

224 1414 696 1491 verecundior
727 1410 824 1482 est
847 1463 870 1500 ‚
907 1409 1117 1506 quam
1148 1406 1510 1506 expositio.
1549 1415 1707 1480 Non

116 1589 123 1595 ,
228 1537 535 1608 negamus
563 1510 905 1602 pecuniam
954 1510 1028 1576 de
1075 1514 1305 1602 templo
1345 1509 1455 1607 effe
1485 1511 1714 1603 subla-

230 1633 393 1681 tam.
446 1608 898 1677 Calumniatur
927 1627 1154 1675 tamen
1169 1611 1493 1689 accusator
1515 1606 1717 1676 ac‘lio-

236 1732 319 1777 πε
347 1705 678 1798 fizcrilegii
706 1752 733 1786 ‚
794 1699 940 1772 clim
970 1705 1236 1794 privata
1262 1706 1468 1794 ficerit
1498 1756 1524 1789 ‚
1582 1728 1717 1772 non

211 1805 422 1899 ficra
463 1829 491 1872 .·
543 1826 656 1873 vos
682 1822 889 1870 autem
914 1804 990 1870 de
1020 1803 1135 1870 lzoc
1169 1806 1538 1898 cognoscitis
1565 1857 1584 1884 ,
1617 1800 1719 1871 ‚dn

216 1897 741 1998 fiterilegiumstt
765 1896 1125 1996 admiffum.

336 1999 484 2069 SED
518 2016 627 2068 UT
659 1995 780 2068 has
809 1993 1186 2093 aliquando
1214 2017 1357 2065 non
1382 1994 1715 2071 narrandi

242 2095 687 2192 causasjputo
715 2148 738 2183 ,
774 2093 862 2164 fic
895 2095 984 2164 ab
1022 2092 1159 2165 illis
1187 2091 1506 2166 dissentio
1534 2149 1557 2186 ,
1597 2095 1720 2192 qui

240 2217 389 2266 non
414 2192 548 2266 effe
578 2190 1053 2263 narrationem
1084 2188 1469 2263 existiment
1491 2245 1514 2282 ‚
1558 2196 1720 2282 cum

242 2314 404 2361 reus
438 2342 463 2378 ‚
511 2287 703 2383 quod
728 2286 1059 2374 objicitur
1094 2338 1120 2372 ,
1168 2287 1450 2354 tanthm'
1479 2306 1716 2382 negat.

245 2388 325 2477 in
364 2408 504 2481 qua
535 2381 632 2451 est
654 2379 988 2476 opinione
1027 2379 1399 2450 Cornelius
1428 2383 1673 2455 Celsus
1692 2435 1721 2471 ‚

247 2480 394 2576 qui.
423 2533 439 2551 .
476 2500 620 2548 non
650 2493 847 2572 putat
874 2474 1008 2546 effe
1042 2474 1511 2549 narrationem
1538 2530 1559 2565 ‚
1599 2479 1723 2548 nifi

250 2601 410 2674 quae
432 2575 769 2648 summam
792 2570 1091 2645 criminis
1113 2570 1198 2642 de
1223 2594 1366 2668 quo
1388 2570 1724 2667 judicium

253 2673 351 2747 est
373 2726 392 2756 ‚
427 2671 763 2750 continet.
787 2723 806 2746 .
1323 2744 1332 2751 ,

248 2842 259 2849 „
343 2775 496 2871 Ego
525 2787 760 2843 autem
780 2823 803 2861 ‚
840 2791 1128 2866 magnos
1158 2765 1423 2864 alioqui
1448 2767 1721 2846 secutus

252 2872 569 2945 austores
596 2919 622 2952 ‚
666 2868 838 2940 duas
873 2868 1010 2941 effe
1051 2867 1122 2938 in
1164 2864 1436 2958 judiciis
1482 2892 1720 2939 narra-

253 2965 525 3039 tionum
544 2965 808 3062 species
829 2963 1183 3037 existimo:
1204 2963 1495 3036 alteram
1516 2964 1718 3058 ipfius

256 3062 514 3157 causae,
536 3064 825 3157 aiteram
850 3085 1081 3153 rerum
1102 3062 1191 3135 ad
1217 3060 1486 3143 causam
1511 3060 1718 3157 perti-2
