2200 3784
586 137 1284 221 Pnommr‘uM.
1523 145 1660 236 287

105 258 114 263 ’
185 262 291 337 mi
321 260 760 361 perturbatio
780 289 806 350 ;
835 263 1126 351 deinde,
1164 255 1327 362 'quia
1358 260 1664 358 judicem

187 360 234 432 ὲ
258 362 567 437 veritate
591 353 845 457 depelli
863 359 1336 435 misericordia
1353 415 1376 450 ,
1396 361 1514 435 vel
1533 361 1667 453 ira,

169 457 660 558 ‚fimilibt'rsque
679 517 703 550 ,
723 483 869 531 non
887 473 1259 557 oporteret
1280 485 1305 547 3
1328 460 1405 531 &
1422 458 1672 557 volup·

192 569 418 632 tat'em
439 556 867 630 audientium
891 576 1137 670 petere
1162 611 1180 641 ‚
1204 559 1364 633 cum
1389 557 1674 634 vincen-

195 654 272 729 di
300 657 570 729 tantum
593 654 816 755 gratia
850 657 1206 730 diceretur
1227 712 1251 747 ‚
1281 679 1429 730 non
1451 654 1671 729 modo

200 755 438 854 agenti
458 753 965 852 supervacuum
986 809 1010 846 ,
1037 751 1157 827 sed
1172 753 1294 830 vix
1322 752 1535 850 etiam
1560 753 1674 829 vi·

198 875 289 925 ro
322 851 605 951 dignum
641 850 1174 926 arbitrabantur.
1230 851 1469 925 Plures
1490 857 1520 893 *
1543 876 1674 929 ve-

199 949 326 1042 rb,
364 949 485 1051 qui
524 974 656 1025 nec
679 949 764 1024 ab
792 948 922 1022 illis
952 948 1087 1024 {ine
1116 947 1334 1023 dubio
1358 947 1674 1047 partibus

196 1050 551 1123 rationem
601 1048 852 1124 orandi
903 1048 1428 1125 summovet-ent
1455 1103 1479 1140 ,
1534 1048 1674 1123 hoc

198 1161 442 1220 tamen
519 1147 881 1246 proprium
956 1165 1174 1245 atque
1249 1146 1674 1244 precipuum

202 1245 578 1320 crederent
618 1270 797 1344 opus
820 1298 844 1335 ,
898 1244 1019 1318 sua
1074 1243 1491 1318 confirmare
1517 1299 1543 1337 ,
1595 1246 1676 1317 δε

198 1367 362 1510 ἓιιεε
402 1369 493 1418 ex
545 1342 843 1419 adverso
888 1360 1455 1440 proponerentur
1493 1396 1518 1435 ‚
1569 1366 1680 1414 re-

238 1457 469 1516 utare.
1316 1488 1328 1502 -

323 1540 863 1636 Utrumcunque
912 1536 1010 1611 est
1032 1588 1058 1629 ‚
1079 1551 1082 1554 ’
1107 1536 1288 1637 (nec
1312 1533 1499 1610 enim
1546 1537 1686 1612 hoc

183 1635 376 1708 wloco
413 1659 643 1708 meam
689 1636 1061 1733 interpono
1087 1634 1499 1711 sententiam
1517 1662 1538 1725 )
1578 1636 1689 1711 hic

212 1732 346 1804 erit
371 1733 549 1807 liber
577 1732 857 1808 illormn
883 1759 931 1807 o
979 1733 1220 1809 inione
1243 1733 1543 1806 maxime
1569 1759 1690 1808 ne·

212 1830 538 1906 ceffarius
558 1887 580 1922 ,
602 1856 745 1954 quo
761 1849 921 1906 toto
990 1857 1085 1907 aec
1105 1833 1247 1906 sola
1265 1832 1683 1919 tractantur3

212 1927 468 2027 quibus
512 1930 670 2004 sane
713 1932 792 2005 &
846 1956 932 2004 ea
982 1956 1138 2030 quae
1197 1931 1286 2005 de
1341 1928 1686 2025 judiciali-

212 2027 349 2100 bus
398 2028 608 2103 caufis
663 2028 803 2123 jam
852 2029 1035 2102 dieta
1090 2028 1247 2103 sunt
1275 2089 1293 2116 ,
1344 2027 1683 2104 serviunt.

210 2126 397 2199 Nam
432 2152 662 2227 neque
686 2127 1054 2226 prooemii,
1086 2152 1319 2227 neque
1345 2128 1687 2201 narratio-

210 2225 319 2299 nis
371 2224 471 2300 est
521 2228 697 2300 alius
740 2225 895 2299 usus
925 2281 949 2316 ‚
996 2227 1208 2323 quam
1254 2242 1332 2296 ut
1380 2223 1685 2316 judicem

211 2340 638 2422 praeparent:
670 2324 749 2396 δι
765 2321 976 2395 status
997 2322 1189 2395 noffe
1207 2376 1231 2413 ,
1254 2338 1468 2419 atque
1490 2345 1575 2395 ea
1593 2323 1685 2397 de

217 2422 474 2519 quibus
527 2418 728 2516 supra
755 2417 1179 2516 scripsimus,
1234 2417 1536 2510 intueri,
1567 2419 1680 2492 su-

216 2540 654 2616 pervacuum
699 2516 884 2588 foret
903 2569 928 2605 ,
961 2515 1082 2588 nifi
1106 2515 1195 2589 ad
1224 2514 1405 2587 hanc
1434 2540 1687 2613 perve-

219 2615 549 2690 niremus.
577 2612 910 2712 Denique
933 2638 1025 2687 ex
1056 2613 1366 2713 quinque
1391 2638 1564 2712 quas
1584 2613 1686 2708 ju·

1760 865 1792 899 ³*
1819 862 2001 932 Supple
2024 866 2048 921 3

1698 931 1914 984 fuerunt·

217 2713 490 2791 dicialis
556 2712 869 2786 materiae
941 2710 1236 2787 fecimus
1307 2713 1617 2809 partibus
1650 2766 1684 2810 ‚
1740 2757 1745 2764 ·

153 2890 162 2898 -
219 2810 1099 2988 35532‘22221120292332
1131 2810 1513 3018 5532113332
1538 2837 1693 3003 ἐξῇ

222 3008 341 3081 cui
368 3008 783 3105 probatione
813 3033 993 3105 opus
1017 3032 1163 3080 non
1186 3008 1288 3081 fit.
1329 3009 1494 3098 Ejus
1518 3030 1690 3103 prae·

223 3122 431 3207 cepta
463 3105 552 3184 fic
571 3105 841 3203 optime
873 3105 1162 3184 divisuri
1197 3104 1567 3202 videmur,
1610 3118 1692 3181 ut
