2200 3784
383 1 392 4 „
425 0 540 14 Τ-Ἳγ
595 0 610 1 ἡ
627 0 630 1 ⁷

312 158 461 233 Da
533 155 1408 231 Punctum-tout.
1509 159 1659 261 385‘

160 256 308 372 pro
367 279 633 352 Scauro
664 292 866 373 patre
900 274 1013 347 hic
1036 329 1060 366 ,
1114 273 1234 346 ille
1295 299 1428 374 pro
1478 275 1653 350 filio.
1766 310 1775 318 ·

166 375 648 448 Commendat
674 375 751 447 &
776 373 978 446 causa
998 371 1289 474 periquli
1316 427 1339 465 ,
1368 373 1416 445 fi
1442 373 1658 449 susce-

229 472 352 548 iss‘e
408 472 801 546 inimicitias
861 473 958 545 ob
1021 472 1312 585 aliquod
1392 470 1654 545 facium

78 569 84 574 ’
169 497 548 645 fionestum
575 571 858 648 videtur
891 597 910 642 t
945 571 1295 668 praecipue
1324 569 1604 645 bonitas
1626 625 1653 664 ,

169 668 573 745 humanitas
609 724 633 763 ,
684 664 1185 741 misericordia.
1247 668 1427 742 Iuste
1467 670 1659 744 enim

168 782 349 845 tunc
367 786 611 867 petere
629 790 714 841 ea
735 763 1023 865 quisque
1042 765 1327 841 videtur
1342 765 1383 837 a
1398 764 1660 861 judice,

176 877 343 966 q'uae
395 867 516 939 alii
568 864 712 965 ipse
771 863 1188 963 praestiterit.
1262 863 1664 939 Referenda‘

175 965 331 1039 haec
361 987 521 1064 pars
545 988 834 1064 quoque
873 963 961 1035 ad
991 961 1369 1037 utilitatem
1403 963 1665 1061 Reipu-

178 1063 389 1137 blicae
416 1118 438 1154 ,
471 1064 558 1136 ad
586 1062 898 1158 judicum
921 1060 1219 1161 gloriam
1239 1116 1264 1153 ‚
1297 1061 1386 1133 ad
1422 1086 1667 1148 exemf

182 1160 377 1262 plum
407 1216 431 1253 ,
473 1162 564 1235 ad
593 1160 1009 1236 memoriam
1040 1157 1494 1257 posteritatis.

277 1259 662 1334 Plurimum
714 1277 952 1330 tamen
996 1259 1193 1332 valet
1239 1255 1602 1332 miseratio
1636 1272 1670 1353 ς

288 1384 346 1430 ae
377 1357 684 1450 judicem
714 1354 899 1429 flecti
925 1379 1068 1429 non
1098 1356 1375 1429 tantum
1407 1355 1599 1456 cogit
1636 1411 1668 1451 ,

216 1456 306 1529 ed
336 1472 611 1528 motum
638 1477 929 1554 quoque
959 1454 1176 1527 animi
1206 1452 1310 1527 sui
1332 1454 1669 1556 lacrymis

185 1554 542 1630 confiteri.
577 1554 747 1628 Haec
776 1569 1110 1653 petentur
1137 1569 1257 1627 aut
1286 1552 1479 1627 exiis
1511 1577 1672 1652 quae

183 1650 413 1751 paffus
443 1652 539 1726 est
567 1676 730 1726 reus
759 1709 784 1746 ‚
811 1670 932 1726 aut
947 1679 1036 1728 ex
1053 1652 1139 1726 iis
1158 1677 1315 1753 quae
1335 1671 1484 1725 tum
1510 1677 1670 1725 ma·-

184 1748 378 1825 xime
396 1752 655 1849 patitur
670 1804 694 1843 ‚
712 1775 836 1825 aut
861 1777 951 1826 ex
975 1751 1060 1826 iis
1086 1751 1667 1851 qua-„damnatum

187 1866 480 1923 manent
506 1879 523 1924 ε
556 1875 712 1949 quae
738 1852 815 1925 &
839 1850 985 1965 ipsa
1002 1849 1478 1950 duplicantur,
1503 1850 1666 1924 cum

192 1946 605 2034 dicimusex
635 1974 774 2048 qua
798 1950 902 2023 illi
926 1949 1231 2033 fortuna,
1256 1950 1335 2023 &
1360 1949 1433 2020 in
1450 1971 1668 2047 quant

192 2046 645 2121 recidendum
675 2046 782 2123 fit.
847 2049 1071 2122 Affert
1101 2048 1176 2119 in
1197 2047 1306 2122 his
1338 2070 1669 2120 momen·

189 2160 341 2219 tum
358 2147 437 2222 δε
464 2148 739 2227 aetas,&
761 2145 995 2239 sexus,
1016 2148 1096 2219 &
1124 2142 1666 2245 pignora,liberi

194 2243 358 2319 dico
383 2298 407 2335 ,
441 2247 521 2317 &
545 2262 876 2340 parentes·
899 2296 917 2324 ‚
948 2247 1028 2317 &
1057 2244 1458 2342 propinqui.
1484 2246 1672 2338 Quae

194 2341 432 2413 omnia
474 2341 753 2413 tractari
786 2340 983 2416 varie
1016 2340 1265 2416 solent.
1315 2341 1676 2414 Nonnun-

200 2462 413 2534 quam
436 2438 646 2518 etiam
663 2438 907 2537 &ipse
927 2454 1267 2539 patronus
1290 2438 1418 2514 has
1436 2456 1673 2537 partes

199 2534 382 2612 subit
404 2561 428 2622 3
457 2553 535 2608 ut
560 2535 819 2611 Cicero
837 2561 975 2653 pro
995 2538 1309 2616 Milone:
1336 2542 1401 2610 O
1429 2566 1529 2610 me
1551 2541 1678 2610 mi·
1730 2545 1783 2587 ⁸·
1809 2536 1931 2618 '9²3

182 2636 401 2731 strum
420 2691 439 2719 ,
470 2639 512 2710 ό
534 2662 629 2711 mc
669 2635 978 2733 infilzcem
1006 2636 1039 2709 Ι
1067 2664 1348 2711 revocare
1385 2664 1478 2711 me
1506 2661 1576 2711 tu
1597 2640 1675 2710 in

190 2736 508 2829 patriam,
530 2736 705 2806 Milo
725 2789 749 2826 ,
772 2739 1040 2843 potus’ffi
1049 2764 1167 2830 per
1197 2737 1310 2808 hos
1326 2787 1354 2822 ,
1376 2763 1487 2835 ego
1520 2761 1579 2809 te
1595 2741 1674 2810 in

190 2834 413 2926 patria
421 2853 541 2928 pet·
561 2833 799 2928 effdem
816 2840 1067 2907 retinere
1088 2861 1223 2906 non
1227 2859 1446 2930 potero
1460 2838 1500 2909 ‚³
1520 2833 1676 2910 Ma·

203 2927 529 3028 :timeque
547 2930 599 3002 fi
624 2931 657 3032 (
686 2948 765 3004 ut
786 2949 952 3009 tunc
981 2932 1292 3035 accidit)
1326 2958 1472 3008 non
1496 2958 1674 3011 con-

202 3025 494 3122 venient
517 3028 585 3102 ei
620 3029 744 3143 qui
761 3030 1146 3127 accusatur,
1176 3055 1450 3145 preces,
1486 3032 1675 3128 Nam

203 3123 594 3302 qussot'gre-‘slt
611 3129 949 3209 Milonem
966 3156 1100 3235 pro
1120 3148 1353 3236 capite
1364 3130 1492 3305 sug
1512 3131 1671 3238 sup-
