2200 3784
491 128 644 231 DE
709 127 1313 231 E'xonn1o}
1509 176 1649 253 217

168 275 374 377 'quod
387 270 518 364 ὅίμη
535 274 774 349 cantus
797 272 894 345 est
913 328 935 365 ,
962 273 1039 344 &
1062 273 1411 346 citharaedi
1426 290 1650 372 pauca

171 377 300 448 illa
345 398 498 470 quae
539 389 915 468 antequam
962 371 1347 465 legitimum
1369 379 1402 412 *
1425 391 1650 447 certa-
1685 403 1715 435 *
1736 398 2029 466 Quidanze·

174 497 340 546 men
354 472 689 542 inchoent
712 521 732 548 ,
761 468 1119 541 emerendi
1135 470 1402 543 favoris
1427 467 1652 567 gratia
1678 479 2028 535 gammam-a,

178 585 478 657 canunt,
510 566 933 662 prooemium
963 584 1447 641 vocaverunt:
1486 590 1654 640 oraa

179 681 376 738 tores
394 668 677 762 quoque
705 688 787 735 ea
809 713 836 748 ‚
856 689 1011 760 quae
1028 718 1048 754 ,
1083 663 1482 761 priusquam
1499 672 1656 738 causs

183 762 329 835 sam
352 761 806 834 exordiantur
829 815 853 850 ,
905 761 991 832 ad
1021 761 1496 835 conciliandos
1533 763 1656 855 fibi

185 858 489 955 judicum
516 858 787 930 animos
819 857 1384 956 praeloquuntur,
1412 859 1658 932 eadem

185 956 653 1053 appellatione
686 950 1027 1065 signarunt
1056 983 1073 1028 ε
1113 954 1254 1031 five
1280 957 1472 1053 quod
1497 948 1661 1051 3120?

185 1054 398 1145 iidem
427 1052 659 1126 Graeci
688 1076 876 1126 vlam
909 1052 1306 1149 appellant,
1361 1053 1431 1124 id
1462 1054 1659 1153 quod

181 1167 353 1222 ante
387 1149 744 1246 ingreffum
783 1149 887 1221 rei
920 1150 1200 1247 ponitur
1225 1204 1247 1240 ,
1281 1149 1371 1222 fic
1399 1172 1660 1226 vocare

187 1247 290 1319 est
332 1245 763 1319 institutum:
805 1248 996 1318 certe
1038 1245 1462 1342 prooemium
1505 1247 1603 1321 est
1633 1301 1659 1335 ‚

188 1345 384 1443 quod
429 1344 616 1442 apud
665 1342 967 1435 judicem
1019 1340 1160 1413 diei
1195 1395 1219 1432 ‚
1268 1341 1666 1440 priusquam
2191 1312 2200 1455 l

187 1441 462 1518 causam
502 1437 920 1535 cognoverit
951 1465 975 1529 ‚‘
1014 1438 1244 1533 profit.
1273 1492 1291 1509 .
1587 1482 1594 1495 ·
1649 1458 1656 1464 ·

287 1537 521 1610 Causa
545 1533 864 1632 principii
883 1535 1069 1606 nulla
1095 1534 1230 1607 alia
1261 1530 1406 1631 est,
1451 1534 1588 1634 qua

187 1651 270 1707 ut
305 1631 701 1705 auditorem
726 1684 748 1720 ‚
792 1629 935 1729 quo
963 1631 1043 1703 fit
1070 1632 1272 1704 nobis
1297 1632 1367 1704 in
1394 1634 1662 1708 caeteris

190 1729 507 1830 partibus
527 1727 1151 1821 accommodatior,
1168 1728 1665 1828 praeparemusss

192 1831 267 1900 Id
299 1826 450 1901 fieri
480 1825 699 1909 tribus
730 1828 1029 1899 maxime
1051 1829 1258 1902 rebus
1279 1884 1301 1920 ,
1334 1829 1517 1901 inter
1539 1853 1669 1900 au-

194 1928 418 2001 &ores
441 1924 774 2022 plurimos
795 1924 1057 2002 constat
1074 1982 1097 2017 ‚
1124 1925 1171 1997 fi
1192 1928 1619 2000 benevolum
1636 1980 1665 2020 ‚

195 2040 542 2099 attentum
586 2079 610 2113 ‚
658 2024 983 2103 ‚docilem
1035 2023 1407 2098 fecerimus
1449 2051 1466 2098 ε
1517 2049 1663 2098 non
1689 2060 1703 2074 ·

194 2121 359 2221 quia
395 2120 517 2192 ista
544 2146 669 2218 per
716 2138 940 2201 totam
986 2123 1325 2196 actionem
1355 2146 1497 2193 non
1538 2122 1667 2198 fint
1729 2172 1736 2177 -

195 2218 643 2291 custodienda
670 2272 692 2305 ,
727 2218 844 2288 sed
885 2208 1150 2311 quiflin
1183 2219 1392 2301 initiis
1437 2219 1672 2291 maxi-

194 2317 310 2389 me
364 2312 740 2385 neceffaria
773 2363 797 2400 ‚
854 2335 984 2406 per
1036 2338 1192 2408 quae
1236 2315 1311 2384 in
1362 2313 1669 2385 animum

193 2410 446 2506 judicis
474 2462 496 2495 ‚
540 2424 618 2477 ut
653 2405 1039 2501 procedere
1074 2409 1256 2479 ultra
1290 2407 1613 2503 poffimus
1640 2460 1671 2501 ,

196 2502 648 2582 admittimur.

204 2634 221 2662 κ
297 2603 378 2676 11.
424 2601 1225 2674 BENEVOLENTIAM
1271 2616 1392 2673 aut
1432 2602 1473 2676 a
1508 2598 1674 2701 per-j

195 2700 379 2777 sonis
413 2698 769 2790 ducimur»,
806 2717 928 2772 aut
955 2699 1231 2774 acautis
1260 2697 1686 2800 accipimus&

198 2800 335 2871 Sed
376 2797 825 2894 personarum
857 2796 1003 2870 non
1045 2798 1144 2871 est
1168 2854 1190 2888 ‚
1236 2815 1312 2869 ut
1351 2800 1667 2898 plerique

203 2893 647 2969 crediderunt
671 2948 693 2986 ,
732 2895 987 2992 triplex
1013 2899 1279 2968 tantum
1308 2896 1491 2969 ratio
1516 2921 1544 3015 ’ζ
1581 2922 1675 2971 ex

190 2990 545 3086 {itigatore
568 3048 585 3076 ,
614 2992 1012 3065 adversario
1038 3049 1061 3085 ‚
1110 2996 1188 3069 &
1219 2993 1486 3066 Iudice.

196 3096 203 3105 ‘
299 3112 328 3161 1
346 3139 363 3160 .
388 3084 583 3254 {AM
604 3089 974 3255 effordium
995 3091 1156 3169 duci
1171 3112 1674 3260 nontlignquam

459 3207 587 3261 om.
683 3237 704 3266 .
1657 3210 1660 3215 ·
