2200 3784
345 109 483 184 Dr:
515 124 1054 189 EnchnoNE
1108 107 1577 182 Oanoms,
1644 132 1735 205 17

241 229 333 302 δι
369 226 711 300 laudetur
738 277 763 310 ,
798 226 879 297 &
908 249 1408 324 nonnunquam
1442 222 1633 301 sciffe
1657 224 1725 298 se

238 326 583 424 gaudeat.
630 324 1036 422 Aliquando
1087 324 1238 423 ipso
1271 323 1555 397 nolente
1600 323 1731 395 do-

244 441 502 495 ceatur
529 421 710 494 alius
735 477 758 512 ‚
786 423 902 492 cui
936 421 1252 494 invideat
1286 449 1304 491 ε
1341 421 1728 493 contendat

237 521 539 593 interim
565 574 590 610 ‚
631 521 713 591 &
759 516 1004 615 saepius
1045 517 1326 592 vincere
1372 515 1441 589 se
1470 531 1718 614 putet':

236 617 557 716 praemiis
600 614 816 688 etiam
840 669 869 709 ,
911 641 1068 716 quae
1107 616 1290 715 capit
1336 612 1455 688 ina
1497 632 1659 689 aetas
1692 668 1726 710 ,
1783 697 1814 732 ,st
1920 697 1957 715 η

241 720 285 754 ⁴*
320 730 710 792 evocetur.
1030 802 1038 809 ⁵
1475 723 1479 728 ’
1838 698 2100 758 ‘⁴²²⁶'’‘¹‘⁴

317 816 564 890 Parva
583 813 954 902 docemus,
972 811 1463 885 instituendum
1486 830 1720 888 orato-

234 937 395 987 rem
427 909 718 1010 profeffi
759 938 776 983 ε
806 909 925 982 sed
957 909 1052 983 est
1093 909 1214 982 sua
1240 910 1453 984 etiam
1483 911 1719 987 studiis

236 1010 585 1098 infantia3
622 1012 702 1084 &
731 1062 754 1099 ‚
782 1024 860 1080 ut
893 1031 1267 1106 corporum
1299 1035 1467 1084 mox
1498 1011 1720 1083 fortifi-

242 1109 582 1182 fimorum
638 1106 979 1181 educatio·
1030 1108 1069 1178 a
1136 1106 1310 1180 lasse
1387 1108 1715 1208 cunisque

236 1206 521 1280 initium
577 1204 814 1297 ducit,
858 1204 958 1276 ita
991 1203 1262 1299 futurps
1307 1207 1721 1305 equuentis·

240 1305 451 1378 fimus
524 1302 746 1376 edidit
808 1302 1187 1400 aliquando
1237 1305 1549 1401 vagitum
1572 1361 1594 1396 ,
1637 1311 1718 1381 &

239 1403 444 1502 loqui
496 1402 794 1500 primiim
832 1399 1098 1475 incerta
1136 1423 1318 1474 voce
1353 1402 1657 1474 tentavit
1692 1455 1722 1493 ,

240 1502 323 1573 &
354 1501 548 1572 haefit
594 1499 780 1572 circa
820 1497 1085 1570 formas
1116 1496 1502 1571 literarum.
1562 1499 1717 1572 Nee

239 1599 299 1670 fi
327 1598 507 1693 quid
530 1596 781 1671 discere
824 1596 987 1668 satis
1024 1619 1171 1666 non
1213 1594 1311 1667 est
1338 1649 1363 1686 ,
1407 1594 1571 1668 ideo
1598 1621 1716 1669 ne-

236 1695 435 1770 ceffe
464 1718 607 1766 non
630 1693 739 1767 est.
778 1692 1000 1788 Quod
1022 1692 1071 1764 fi
1093 1717 1305 1765 nemo
1330 1694 1713 1792 reprehen-

240 1794 351 1866 dit
389 1811 656 1890 patrem
685 1792 807 1891 qui
838 1793 989 1866 haec
1028 1815 1173 1875 non
1200 1791 1610 1891 negligendd
1634 1793 1709 1866 in

241 1892 363 1964 suo
381 1890 531 1964 filio
556 1906 760 1988 putet
779 1945 801 1981 ‚
829 1915 951 1965 cur
976 1889 1414 1988 improbetur
1431 1946 1456 1986 ‚
1482 1891 1529 1964 fi
1551 1891 1708 1991 quis
1743 1946 1746 1951 ·

242 2015 322 2065 ea
346 2016 507 2090 quae
537 1989 736 2062 domi
767 1988 902 2062 suae
930 1990 1115 2064 refie
1142 1988 1407 2065 faceret
1433 2049 1451 2074 ‚
1485 1989 1557 2063 in
1580 2017 1708 2089 pu-

238 2089 502 2162 blicum
523 2086 846 2186 promit?
874 2089 1107 2200 Atque
1142 2087 1234 2162 eb
1261 2087 1481 2187 magis
1507 2090 1707 2188 quod

235 2187 513 2261 minora
559 2185 777 2259 etiam
823 2185 1089 2259 facihits
1145 2186 1452 2261 minores
1480 2189 1703 2286 perci-

234 2286 431 2384 piunt
478 2312 499 2356 ε
561 2287 639 2358 &
671 2339 697 2375 ,
741 2306 820 2356 ut
864 2308 1166 2382 corpora
1217 2286 1307 2358 ad
1362 2285 1702 2381 quosdam

236 2381 724 2455 membrorum
754 2381 974 2457 flexus
1011 2381 1298 2455 formari
1334 2383 1455 2454 nifi
1497 2400 1701 2456 tene-

239 2504 324 2551 ra
343 2501 489 2550 non
513 2475 782 2573 poffunt
807 2540 824 2566 ,
853 2480 944 2555 fic
979 2479 1254 2552 animos
1298 2503 1583 2577 quoque
1610 2480 1700 2551 ad
1737 2523 1742 2527 ·
2011 2542 2022 2558 ,
2054 2566 2061 2575 ι

239 2576 577 2676 pleraque
618 2575 939 2652 duriores
987 2578 1207 2664 robur
1251 2576 1469 2675 ipsum
1503 2576 1699 2655 facit.
1891 2600 2028 2675 Ula*

240 2688 349 2752 An
400 2672 757 2772 Philippus
798 2676 1272 2751 Macedonum
1343 2701 1465 2750 rex
1522 2678 1691 2752 Ale·
1898 2703 1901 2706 ·

242 2774 497 2847 xandro
525 2771 675 2845 filio
712 2772 838 2854 suo
888 2774 1110 2871 prima
1140 2773 1494 2846 literarum
1547 2777 1690 2851 ele-
1799 2818 1825 2859 f

239 2890 458 2950 menta
501 2869 692 2943 tradi
718 2871 806 2943 ab
838 2870 1208 2944 Aristotele
1242 2870 1509 2944 summo
1536 2873 1691 2965 eius
1759 2866 1824 2943 f?
1859 2888 1949 2933 *²2*-
2066 2872 2120 2919 ‘“
2157 2890 2158 2897 ’

238 2971 442 3043 aetatis
488 2967 916 3066 philosopho
970 2968 1299 3047 voluifl'et
1329 3024 1352 3062 ‚
1402 2988 1523 3043 aut
1567 2971 1688 3049 ille
1735 2974 1750 3013 ἵ
1821 2968 2002 3075 „222”
2139 3048 2146 3051 ,

242 3066 612 3171 suscepiffet
643 3065 784 3149 hoc
812 3067 1160 3166 officium,
1197 3066 1416 3147 finon
1439 3065 1691 3177 studiffi
1753 3060 1826 3167 ἶ
1865 3064 1926 3125 -s'
1955 3068 2006 3160 ’ᾗ
2050 3082 2054 3087 ’

1750 766 1943 818 citetur.
