2200 3784
537 163 628 238 18
891 165 1124 239 Lrn.
1188 166 1241 240 1.
1331 166 1579 246 CAP.
1647 167 1702 242 1.

417 292 457 463 (
523 313 680 365 rum
727 290 923 366 initia
952 293 993 367 ὲ
1024 293 1504 393 perfestiffimo
1544 317 1840 394 quoque
1871 312 2016 370 tm·

525 390 693 463 &ari
721 445 743 481 ,
780 391 1136 490 pertinere
1172 392 1260 465 ad
1302 394 1639 467 summam
1668 394 2021 468 credidil-

529 485 682 559 set?
708 489 1066 586 Fingamus
1107 489 1316 587 igitur
1341 491 1824 563 Alexandrum
1858 493 2020 566 dari

519 583 726 657 nobis
749 641 770 675 ‚
793 585 1199 683 impositum.
1247 586 1471 661 remio
1492 640 1517 673 ,
1540 586 1829 686 dignum
1852 607 2018 663 tan-

521 682 599 756 ta
624 684 789 756 cura
815 685 1150 760 infantem
1235 710 1634 784 quanquam
1665 686 1829 759 suus
1865 691 2021 762 cui.

523 806 662 953 Rue
698 784 942 884 dignus
983 782 1129 882 est)
1163 785 1550 882 pudeat—ne
1580 809 1689 857 me
1734 783 1812 855 in
1840 786 2010 884 ipfis

583 882 749 954 atim
780 883 1148 958 elementis
1171 883 1384 956 etiam
1416 882 1663 958 brevia
1687 882 2013 958 docendi

519 980 907 1055 monstrare
945 980 1430 1080 compendia?

468 1126 475 1141 ⁶
611 1083 705 1152 V.
741 1081 1072 1174 NEQUE
1112 1079 1301 1152 enim
1334 1078 1500 1151 mihi
1540 1077 1712 1151 illud
1743 1077 2008 1154 saltem

412 1182 419 1245 ἱ
521 1174 758 1283 placet
784 1233 806 1270 ‚
846 1179 1039 1277 quod
1076 1178 1225 1275 fieri
1258 1178 1326 1250 in
1356 1176 1669 1275 plurimis
1708 1179 1946 1255 video
1978 1234 2005 1273 ,

516 1291 598 1347 ut
650 1274 1061 1351 literarum·
1112 1275 1393 1349 nomina
1446 1277 1526 1349 δε
1578 1294 2008 1351 contextum

519 1370 713 1469 prius
782 1373 992 1472 quam
1049 1370 1313 1446 formas
1367 1373 1644 1472 parvuli
1697 1375 2003 1453 discant.

520 1469 771 1544 Obstat
823 1473 961 1548 hoc
994 1469 1337 1571 agnitioni
1375 1495 1615 1545 earum
1641 1526 1662 1561 ‚
1693 1498 1848 1547 non
1894 1473 2004 1547 in·

514 1569 971 1643 tendentibus
1042 1594 1208 1642 mox
1281 1569 1585 1643 animum
1637 1569 1726 1642 ad
1804 1570 2001 1671 ipsos

512 1682 545 1714 ⁴
596 1665 835 1739 duitas
870 1718 897 1751 ‚
940 1667 1106 1738 dum
1146 1665 1678 1742 antecedentem
1711 1693 2005 1742 memo-

509 1759 687 1837 riam
715 1762 1098 1861 sequuntur
1127 1789 1144 1834 ε
1176 1787 1331 1860 quae
1366 1764 1564 1835 causa
1597 1763 1696 1835 est
1734 1767 1999 1863 praeci-

509 1858 865 1957 pientibus
893 1914 915 1950 ,
948 1878 1027 1932 ut
1064 1857 1280 1935 etiam
1307 1914 1331 1948 ,
1364 1860 1523 1933 cum
1550 1858 1708 1930 satis
1743 1863 2001 1936 affixis-

508 1954 581 2029 se
616 1979 746 2029 eas*
782 1956 1016 2054 pueris
1046 1956 1239 2028 re6to
1266 1954 1391 2029 illo
1431 2010 1456 2049 ‚
1499 1979 1645 2052 quo
1670 1956 1992 2051 primum

507 2052 716 2127 scribi
747 2054 974 2128 solent
1020 2069 1360 2130 contextu
1386 2108 1409 2145 ,
1459 2051 1836 2148 videntur,
1868 2081 1994 2132 re-

509 2167 837 2252 troagant
861 2151 1093 2226 rursus
1124 2208 1146 2242 ‚
1191 2152 1269 2224 &
1296 2151 1493 2227 varia
1521 2155 1992 2250 permutatio-

515 2274 606 2323 ne
631 2251 1069 2349 perturbent,
1091 2250 1320 2326 donec
1351 2249 1589 2326 literas
1610 2304 1626 2331 ,
1660 2252 1994 2351 quiinsti-

512 2363 805 2425 tuuntur
836 2406 859 2443 ,
911 2349 1094 2427 facie
1157 2347 1400 2423 norint
1437 2406 1464 2447 ‚
1512 2374 1656 2423 non
1707 2351 1989 2428 ordine.

512 2449 976 2549 Quapropter
1006 2449 1273 2550 optime
1296 2505 1321 2543 ‚
1362 2448 1533 2524 ficut
1573 2449 1938 2523 hominum
1960 2505 1987 2543 ,

564 2549 778 2622 ariter
826 2554 905 2624 &
938 2550 1218 2622 habitus
1251 2550 1327 2622 &
1375 2549 1660 2621 nomina
1714 2549 1986 2623 edoce-

506 2573 790 2720 guntur.
842 2647 976 2717 Sed
1007 2646 1212 2744 quod
1233 2644 1305 2716 in
1347 2643 1569 2721 literis
1621 2644 1816 2720 obest
1848 2701 1871 2738 ,
1908 2647 1985 2717 in

510 2741 796 2842 syllabis
830 2767 970 2815 non
1000 2741 1313 2819 nocebit.

604 2840 770 2911 Non
798 2841 1097 2915 excludo
1135 2859 1370 2915 autem
1396 2838 1469 2911 id
1493 2839 1685 2938 quod
1716 2838 1815 2912 est
1842 2862 1980 2911 no-

505 2952 655 3012 tum
677 2990 704 3026 ,
731 2939 1080 3014 irritandae
1110 2940 1196 3015 ad
1222 2936 1625 3012 discendum
1672 2936 1980 3014 infantiae

526 3132 535 3139 -
565 3119 598 3149 α
613 3106 806 3158 Formas
826 3121 881 3159 ac
922 3101 1098 3171 figuras
1118 3107 1202 3170 ,δε
1217 3139 1235 3168 ,
1263 3117 1317 3155 ut
1352 3105 1423 3155 ita
1446 3100 1607 3153 dicam
1623 3141 1641 3169 ,
1672 3104 1848 3156 tractus
1865 3101 1978 3161 lite-

513 3179 695 3218 ratum.
