2200 3784
431 190 439 197 ·
483 169 539 249 ‘4
939 155 996 225 L
1047 171 1078 223 r
1136 169 1230 224 13.·
1313 150 1371 225 1.·

479 293 730 343 omnes
766 323 788 359 ,
817 292 971 366 quae
1000 268 1219 342 modo
1247 264 1511 367 aliquid
1537 266 1809 346 oratori
1845 268 1954 345 stt-⁴

480 386 646 442 turo
670 366 1064 458 conferant,
1087 385 1301 458 artes,
1321 367 1412 440 ad
1438 366 1776 442 summam
1794 369 1948 466 ejus

446 556 451 561 .
479 465 712 564 operis
753 465 1144 562 perducere
1178 461 1713 541 destinabamus.

574 568 813 664 Atque
846 563 937 637 eo
963 563 1178 661 magis
1205 618 1227 654 ,
1263 563 1459 662 quod
1484 565 1628 637 duo
1656 565 1799 659 jam
1822 564 1950 638 sub

471 662 762 756 nomine
788 685 951 735 meo
970 660 1133 735 libri
1159 660 1563 736 ferebantur
1580 664 1747 737 artis
1765 664 1955 749 Rhe-

475 760 721 834 toricae
748 814 773 852 ‚
822 785 1052 860 neque
1094 759 1264 834 editi
1316 761 1358 833 ἒι
1391 784 1508 833 me
1541 816 1565 855 ‚
1607 785 1840 862 neque
1873 759 1950 833 in

472 859 624 932 'hoc
641 858 1053 956 comparati.
1086 859 1272 931 Nam
1325 881 1414 931 ue
1442 860 1738 935 alterum
1759 914 1783 952 ,
1811 859 1953 941 ser·-⁴

477 981 695 1032 mone
720 983 847 1057 per
881 957 1176 1031 biduum
1205 883 1452 1035 haciJito
1473 1012 1497 1050 ,
1521 958 1771 1056 pueri,
1796 956 1949 1057 qui-

479 1055 628 1137 bus„
643 1056 711 1128 id
734 1056 1187 1157 praestabatur
1215 1110 1239 1149 ‚
1272 1075 1304 1106 ‘¹
1351 1072 1821 1156 exceperant:
1849 1054 1950 1128 al-

452 1158 716 1229 'terum
771 1153 1088 1253 pluribus
1145 1154 1311 1227 sane
1370 1155 1619 1230 diebus
1655 1211 1680 1248 ,
1732 1179 1954 1254 quanq

481 1254 634 1325 tiun
679 1254 705 1302 ὂ
761 1252 1078 1326 notando
1126 1253 1458 1350 consequi
1501 1269 1886 1352 potuerant
1920 1307 1949 1344 ‚

482 1350 948 1449 interceptum
975 1405 999 1444 ,
1050 1349 1224 1428 boni
1264 1350 1561 1446 juvenes
1593 1402 1622 1438 ,
1679 1350 1797 1425 sed
1847 1350 1953 1423 ni·

484 1449 704 1522 mium
725 1466 1037 1524 amantes
1073 1449 1251 1535 mei,
1284 1449 1663 1524 temerario
1693 1447 1953 1524 editio-

420 1571 427 1576 ·
482 1546 592 1620 nis
625 1549 896 1624 honore
928 1548 1420 1647 vulgaverant.
1465 1550 1711 1642 Quare
1735 1547 1809 1620 in
1840 1546 1954 1622 his

485 1671 778 1745 quoque
829 1646 1028 1721 libris
1071 1663 1284 1723 erunt
1342 1646 1591 1723 eadem
1644 1647 1881 1745 aliqua
1926 1700 1955 1737 ,

481 1745 704 1817 multa
730 1760 1024 1818 mutata
1052 1798 1075 1836 ,
1118 1744 1417 1841 plurima
1446 1745 1713 1840 adiecta
1747 1800 1770 1834 ‚
1807 1768 1959 1816 om·

481 1842 601 1915 nia
643 1841 826 1917 vero
857 1841 1351 1939 compositiora
1375 1896 1400 1935 ,
1428 1843 1508 1915 δε
1528 1897 1553 1936 ,
1584 1844 1955 1942 φιὲιπηοε

481 1940 877 2039 poterimus
903 1995 927 2033 ,
961 1940 1357 2014 elaborata.

580 2040 662 2111 11.
730 2036 1284 2111 ORATOREM
1349 2049 1590 2110 autem
1657 2034 1959 2111 institui-

484 2159 640 2211 mus
672 2135 864 2208 inum
898 2134 1283 2233 perfectum
1312 2189 1337 2228 ‚
1372 2132 1496 2233 qui
1519 2133 1665 2208 effe
1698 2135 1817 2207 nifi
1842 2137 1957 2211 vir

481 2236 712 2309 bonus
739 2258 886 2308 non
910 2231 1137 2331 potest
1165 2259 1181 2305 z
1210 2233 1520 2333 ideoque
1547 2258 1690 2306 non
1709 2232 1956 2308 dicen-

434 2407 438 2410 <
483 2332 565 2411 di
599 2331 817 2407 modo
859 2331 1189 2407 eximiam
1205 2332 1299 2405 ‘in
1339 2357 1431 2407 eo
1482 2330 1888 2408 facultatem
1924 2357 1958 2426 ,·

482 2431 607 2506 sed
664 2456 931 2507 omnes.
978 2429 1196 2505 animi
1228 2430 1529 2510 virtutes
1583 2429 1950 2528 exigimus·

485 2532 746 2631 Neque
785 2531 973 2605 enim
1011 2530 1153 2603 hoc
1199 2527 1654 2604 concefferim
1677 2583 1701 2621 ,
1739 2530 1956 2602 ratio.

486 2656 654 2705 nem
696 2631 898 2703 reaae
939 2626 1381 2722 honestaeque
1426 2625 1594 2697 vitae
1644 2635 1766 2713 (ut
1800 2630 1952 2726 qui.

380 2788 385 2793 .
489 2730 652 2823 ciam
707 2726 1192 2825 putaverunt)
1226 2724 1312 2795 ad
1346 2721 1797 2820 philosophos
1842 2752 1951 2800 re·

489 2823 857 2924 legandam
907 2848 927 2896 z
977 2824 1138 2896 cum
1171 2819 1419 2913 virisse
1447 2819 1620 2899 vere
1654 2818 1879 2897 civilis
1917 2876 1948 2913 ,

496 2996 503 3001 .
553 3039 585 3072 a
618 3021 847 3070 Privatim
874 3017 1117 3072 audiendo
1149 3008 1220 3200 ,Ι
1306 3014 1333 3063 Β
1375 3018 1737 3083 compendioso
1785 3033 1955 3083 genere

490 3093 542 3140 δι
610 3090 888 3137 memoriter
947 3087 1170 3137 retinue-
1247 3079 1493 3130 scribendi.
1524 3083 1663 3138 Unde
1696 3083 1817 3136 disti
1846 3085 1962 3136 sunt

489 3165 618 3205 tant.
1241 3141 1446 3200 Nomii.
