2200 3784
454 163 603 240 DE
675 163 1413 240 Arriaca-uus.
1557 174 1711 264 '403‘

213 269 337 357 ira
376 305 887 383 nonnunquam
913 280 1208 358 indoais
1338 306 1529 383 oque
1560 283 1713 359 elo-

215 380 595 481 quentiam
613 379 830 456 saciat
852 436 875 473 ,
909 379 1121 480 quam
1156 404 1253 479 qu
1303 383 1349 452 d
1378 382 1513 455 illis
1538 381 1714 456 inest

223 479 351 558 vis
384 479 634 557 mentis
657 533 681 571 ,
709 480 789 553 ὅτ.
823 478 1089 554 veritas
1112 477 1252 575 ipsa
1286 481 1622 554 morum?

122 589 156 622 ³
307 580 553 674 Quare
583 578 654 650 in
687 577 771 651 iis
805 601 963 675 quae
984 576 1379 650 verisimilia
1400 576 1539 651 effe
1568 601 1714 653 vo-

216 677 455 753 lemus
485 732 509 768 ,
545 677 752 749 fimus
801 671 922 773 ipsi
966 672 1216 749 similes
1245 699 1492 749 eorum
1517 730 1541 766 ,
1585 676 1712 776 qui

211 776 407 852 vere
432 774 789 873 patiuntur
814 826 831 853 ‚
855 771 1214 848 affectibus
1237 800 1262 862 ;
1288 774 1368 847 ὅτ.
1384 774 1424 846 ἐι
1440 774 1712 858 taliani-

209 898 359 946 ·mo
384 872 867 972 proficiscatur
884 871 1114 946 oratio
1136 928 1160 964 ,
1178 873 1459 969 qualem
1474 871 1710 949 facere

193 970 530 1070 'judicem
547 970 775 1048 volet.
808 973 919 1043 An
947 970 1061 1045 ille
1082 970 1355 1046 dolebit
1378 1026 1403 1063 ‚
1435 971 1558 1070 qui
1587 995 1714 1045 au-

203 1069 374 1144 diet
399 1094 515 1144 me
535 1121 563 1157 ,
594 1070 754 1144 citm
792 1069 934 1142 hoc
962 1070 1232 1162 dicam,
1282 1095 1427 1142 non
1457 1069 1712 1143 dolen-

229 1170 436 1244 tem?
459 1168 794 1244 irascetur
809 1222 833 1258 ,
854 1169 906 1238 si
925 1168 1136 1239 nihili
1190 1168 1258 1241 se
1285 1170 1409 1265 qui
1432 1169 1503 1239 in
1530 1168 1709 1241 iram

219 1266 542 1343 concitat
558 1322 582 1359 ‚
605 1266 820 1376 idque
837 1262 1056 1363 exigit
1074 1318 1092 1347 ‚
1115 1194 1329 1337 {fmile
1351 1265 1658 1362 patietur
1677 1269 1710 1341 ἓ

217 1364 449 1438 Siccis
495 1379 734 1461 agenti
766 1361 993 1435 oculis
1026 1361 1380 1462 lacrymas
1424 1362 1619 1437 dabit
1676 1365 1708 1440 ἓ

207 1462 377 1537 fieri
404 1485 546 1533 non
569 1459 823 1559 potest.
855 1461 1010 1534 Nec
1030 1460 1342 1534 incendit
1360 1459 1479 1535 nisi
1496 1460 1704 1562 igni9‚

215 1584 360 1635 nec
390 1558 849 1632 madescimus
882 1557 1008 1632 nisi
1033 1560 1334 1632 humore
1360 1616 1384 1655 ‚
1424 1584 1559 1636 nec
1589 1565 1706 1634 res

211 1656 369 1732 ulla
397 1656 517 1730 dat
557 1656 757 1730 alteri
794 1657 1112 1733 colorem
1134 1682 1349 1757 quem
1387 1658 1531 1758 ipsa
1557 1682 1705 1732 non

201 1755 464 1831 habet.
502 1754 811 1829 Primum
839 1755 936 1829 est
959 1755 1176 1856 igitur
1198 1812 1222 1851 ‚
1249 1775 1330 1832 ut
1359 1757 1543 1869 apud
1571 1780 1705 1832 nos
1813 1789 1822 1799 ·

210 1854 509 1933 valeant
551 1879 637 1931 ea
683 1879 841 1954 quae
869 1855 1111 1930 valere
1154 1857 1343 1954 apud
1396 1856 1702 1954 judicem

206 1952 557 2033 ‚volumus
601 2006 627 2048 ,
711 1952 1242 2054 afficiamurque
1321 1973 1703 2056 antequam

201 2050 493 2128 afficere
533 2075 900 2132 conemur*
941 2123 952 2135 ,
1638 2095 1648 2104 ·

300 2153 397 2225 At
424 2151 793 2250 quomodo
817 2150 939 2224 fiet
971 2166 1054 2224 ut
1081 2150 1466 2225 afficiamur
1491 2150 1520 2226 ἒ
1547 2152 1617 2224 N
1619 2175 1699 2225 e-

206 2276 354 2350 que
381 2251 570 2321 enim
608 2248 765 2320 sunt
794 2264 1032 2320 motus
1050 2249 1127 2319 in
1153 2249 1380 2321 nostra
1398 2248 1701 2347 potesta-

210 2366 315 2422 te.
348 2345 679 2419 Tentabo
704 2344 919 2417 etiam
938 2345 1027 2419 de
1042 2345 1183 2420 hoc
1197 2346 1457 2420 dicere.
1488 2347 1693 2439 Quas
1818 2407 1821 2414 .

203 2441 553 2534 φανταεῖας
581 2442 812 2518 Graeci
836 2459 1127 2534 vocant,
1143 2467 1271 2517 nos
1292 2443 1451 2517 sane
1479 2443 1694 2517 vifio-
1810 2479 1813 2484 ·

213 2565 343 2616 nes
400 2540 890 2640 appellemus3
947 2566 1075 2653 per
1124 2566 1299 2641 quas
1356 2540 1691 2642 imagines

147 2707 152 2710 .
211 2664 453 2717 rerum
516 2637 904 2713 absentium
951 2655 1053 2712 ita
1109 2639 1690 2740 repraesentantur

207 2738 456 2812 animo
488 2793 510 2830 ,
539 2754 620 2810 ut
649 2762 767 2811 eas
790 2761 1079 2813 cernere
1108 2739 1332 2813 oculis
1356 2795 1377 2831 ‚
1409 2764 1493 2814 ac
1517 2765 1688 2837 prae-

207 2837 437 2926 sentes
454 2836 713 2910 habere
752 2836 1120 2911 videamur
1163 2865 1181 2909 ε
1216 2836 1341 2911 has
1376 2837 1686 2935 quisquis

211 2934 396 3009 bene
431 2935 835 3031 conceperit
865 2990 887 3023 ‚
933 2934 991 3006 is
1039 2934 1174 3008 eri't
1222 2934 1291 3007 in
1326 2933 1683 3009 affeffibus

216 3031 746 3129 potentissimus.
840 3032 1044 3108 Hunc
1094 3033 1383 3132 quidam
1441 3030 1684 3106 dicunt

218 3130 702 3222 ιὐφαντασιωτδν
732 3186 759 3228 ,
805 3129 929 3233 qui
989 3128 1117 3207 fibi
1171 3155 1285 3209 res
1313 3188 1339 3228 ,
1385 3153 1608 3210 voces
1649 3183 1681 3228 ‚
