2200 3784
280 161 468 262 DE*
540 165 1467 242 ALTERCATJONE.‘
1508 183 1653 266 425

131 305 317 355 mus
336 337 359 373 ‚
377 286 453 357 &
472 280 852 354 refellenda
869 278 1255 352 mendacia.
1274 278 1635 377 Nusquam

141 378 254 450 est
303 378 607 476 denique
652 377 773 475 qui
813 375 1180 472 cognoscit
1206 426 1234 460 ‚
1286 374 1649 448 intention

139 469 317 546 Nec
350 473 700 548 immerito
748 473 1039 569 quida-m
1065 523 1091 556 ,
1148 495 1548 570 quanquam
1576 474 1648 545 in

138 570 461 656 dicendo
486 569 879 643 mediocres
913 619 932 647 ,
979 568 1111 639 hac
1158 588 1392 640 tamen
1429 570 1649 642 alter.-

145 668 369 738 candi
395 664 786 763 praestantia
812 681 1219 760 meruerunt
1246 688 1503 737 nomen
1530 691 1645 761 pae-

148 780 559 837 tronorum.
585 763 679 834 At
697 761 981 859 quidam
1006 755 1481 856 litigatoribus
1506 763 1640 836 suis

154 858 369 932 illum
427 852 644 931 modo
720 855 1161 932 ambitiosum
1212 855 1647 952 declamandi

151 955 493 1028 sudorem
515 952 880 1051 praestitiffe
909 951 1272 1043 contenti,
1305 978 1464 1026 cum
1493 972 1646 1026 tur-

149 1052 252 1124 ba
278 1052 712 1123 laudantium
736 1048 1112 1123 destituunt
1132 1048 1445 1123 subsellia
1474 1104 1499 1140 ,
1521 1077 1648 1162 pu·-

151 1149 509 1246 gnamque
541 1148 730 1219 illam
748 1167 776 1196 a
794 1145 1264 1220 decretoriam
1292 1141 1638 1243 imperitis

155 1269 244 1320 ac
258 1246 434 1341 saepe
454 1245 480 1293 ὂ
505 1244 786 1341 pullatae
817 1243 1042 1316 turbae
1059 1240 1480 1339 relinquunt.
1498 1245 1633 1316 Ita,

150 1367 301 1440 que
356 1340 601 1415 videas
660 1336 834 1411 alios
902 1338 1314 1447 plerumque
1361 1337 1647 1431 judiciis

155 1436 461 1536 privatis
502 1435 591 1507 ad
640 1434 946 1508 afflones
986 1459 1281 1524 vocari,
1328 1435 1506 1509 alios
1549 1433 1642 1513 ad

169 1532 661 1632 probationes.
714 1535 894 1624 Quae
956 1532 1005 1603 st
1057 1530 1435 1605 dividenda
1489 1534 1644 1607 sunt

162 1630 427 1721 officia,
445 1627 582 1719 hoc
602 1632 792 1702 certe
806 1629 1022 1726 magis
1039 1629 1492 1701 necessarium
1508 1631 1602 1703 est
1614 1656 1644 1702 ,ε

215 1725 713 1823 udendt'tmque
767 1726 951 1797 dian
971 1777 997 1810 ,
1037 1723 1084 1795 fi
1116 1725 1266 1821 plus
1309 1725 1644 1823 litiganti·-

163 1754 300 1897 ἔκιε
327 1823 614 1919 prosunt
644 1822 978 1895 minores,
1010 1844 1032 1873 ⁶
1057 1823 1130 1893 ln
1158 1820 1448 1917 publicis
1496 1849 1649 1916 cer-

166 1920 242 1993 te
262 1919 535 2013 judiciis
553 1943 698 1992 vox
713 1920 833 1991 illa
850 1918 1190 2016 praeconis
1208 1973 1232 2009 ,
1257 1936 1507 2015 praeter
1522 1946 1647 2020 pa·
1695 1938 1703 1945 '

165 2035 418 2091 tronos
445 2017 707 2113 ‚ipsum
741 2017 861 2114 qui
890 2015 1106 2115 egerit
1140 2069 1171 2104 ,
1219 2016 1411 2090 citat.

253 2115 452 2211 Opus
481 2113 579 2186 est
608 2113 626 2183 i
677 2112 814 2186 itur
842 2111 1158 2210 inprimis
1192 2109 1480 2209 ingenio
1513 2139 1646 2188 ver-

137 2209 310 2283 'Ioci
338 2236 418 2282 ac
437 2140 686 2283 mobili
714 2262 737 2298 ‚
765 2210 1001 2281 animo
1027 2207 1444 2304 praesenti&
1469 2209 1645 2286 acri·

164 2307 334 2379 Non
385 2305 568 2376 enim
600 2304 1083 2401 cogitandum,
1122 2302 1242 2374 sed
1271 2304 1645 2378 dicendum

171 2402 395 2475 statim
412 2400 508 2475 est
523 2455 547 2493 ‚
569 2403 645 2473 &
664 2398 886 2498 prope
902 2398 1025 2471 sub
1050 2416 1314 2473 conatu
1330 2401 1647 2489 adversaq

247 2556 277 2587 a
331 2544 444 2595 Qua
491 2536 762 2588 decernitur
806 2535 866 2585 de
998 2552 1026 2585 c
1069 2542 1125 2587 ln
1177 2537 1381 2603 publicis
1428 2538 1620 2602 judiciis

168 2605 350 2653 summa
379 2602 546 2650 causae·
922 2600 1024 2664 post
1078 2617 1347 2665 peroratam
1406 2606 1636 2670 utrinque

232 2666 259 2715 b
291 2664 546 2714 Pullatam
571 2660 867 2729 appellamus
921 2665 1115 2715 causam
1154 2679 1313 2729 praeco
1370 2665 1492 2714 solet
1548 2677 1639 2732 pa.

169 2732 352 2781 tmbam
408 2729 536 2793 ipsos
602 2731 865 2792 impetitos.
923 2742 1090 2777 ttonos
1155 2730 1217 2778 ad
1269 2729 1635 2781 altercationem

171 2795 342 2856 Vulgus
373 2796 503 2841 enim
539 2795 709 2841 Romae
746 2790 867 2838 olim
923 2807 1096 2840 vocate
1146 2807 1161 2839 ι
1223 2789 1428 2858 cumque
1482 2794 1645 2859 plures

175 2857 362 2907 dImiffis
396 2857 521 2919 togis
567 2855 753 2919 pullum
788 2857 868 2903 in·
926 2852 1013 2903 lint
1051 2855 1255 2919 alicujus
1293 2857 1443 2905 causae
1465 2872 1637 2922 patto·-

176 2919 338 2968 duebat
375 2919 640 2966 amictum:
681 2918 761 2967 hic
795 2933 866 2967 ta·
926 2922 1013 2976 ni,
1036 2934 1201 2969 tamen
1237 2920 1447 2969 adiutem
1485 2923 1639 2970 cause

154 2997 280 3030 0men
329 2980 660 3043 intelliguntur
710 2998 868 3047 prag·
927 2985 1219 3033 nominatim
1272 2986 1425 3045 citat,
1465 2999 1516 3033 ut
1568 2984 1644 3034 illi

180 3044 337 3092 maciei
383 3058 401 3094 ,·
462 3059 674 3093 oratores
743 3050 868 3095 enim
928 3046 1146 3095 videatur
1167 3062 1243 3095 tut
1279 3062 1337 3106 e,
1364 3045 1641 3097 fialtcrcari

178 3122 300 3158 etant
331 3111 598 3173 purpurati.
654 3104 800 3156 Turn.
926 3125 1029 3159 non
1058 3109 1211 3173 poffit·
1295 3126 1407 3158 um.
