2200 3784
431 140 572 218 κει
705 144 945 218 ,ιη
1008 144 1151 217 1V.
1214 142 1431 219 cu.
1507 123 1603 219 V.

424 284 676 336 verum
703 260 829 354 est,
853 260 1073 336 &illo
1099 259 1418 362 sequenti
1449 260 1537 350 (fi
1548 259 1765 334 modo
1793 261 1934 336 in-·

424 356 807 433 dubitabile
832 358 959 461 fit)
980 358 1131 432 solo
1148 359 1511 433 utendum.
1535 362 1630 430 At
1654 359 1703 431 fi
1725 362 1928 459 quid

429 456 501 530 in
550 482 643 530 eo
687 458 879 555 quod
927 456 1026 531 est
1076 456 1328 531 fortius
1361 511 1384 548 ‚
1444 456 1859 533 timebimus
1896 516 1930 553 ‚

429 570 730 652 utraque
800 553 1224 653 probatione
1288 553 1615 629 nitemur.
1699 555 1929 631 Alius

424 651 610 727 enim
635 652 778 726 alio
819 652 1099 730 moveri
1127 653 1345 728 solet:
1384 656 1461 728 &
1490 652 1611 752 qui
1643 652 1930 729 saelum

428 749 709 848 putavit
734 805 757 843 ‚
787 748 1047 844 'justum
1099 752 1388 826 credere
1442 751 1671 849 potest
1700 780 1719 825 ε
1779 753 1935 852 qui

429 865 764 947 tanquam
807 847 984 943 justo
1009 873 1153 921 non
1172 848 1624 936 movebitur,
1647 851 1927 925 fadum

429 944 710 1020 fortaffe
729 972 871 1019 non
890 947 1130 1020 credet
1152 973 1169 1019 τ
1191 965 1271 1019 ut
1290 964 1478 1021 certa
1490 973 1731 1023 manus
1752 955 1923 1037 unc)

430 1045 580 1116 telo
603 1042 806 1141 poffit
826 1042 961 1118 effe
986 1061 1317 1117 contenta
1335 1100 1359 1138 ‚
1388 1044 1675 1120 incertae
1696 1046 1923 1145 plura

435 1140 817 1241 spargenda
839 1141 1032 1233 sunt,
1051 1159 1132 1214 ut
1156 1141 1232 1213 fit
1258 1141 1336 1214 &
1361 1142 1660 1216 fortunat
1684 1145 1929 1219 locus.

439 1239 733 1340 Egregie
766 1240 944 1317 vero
985 1240 1247 1315 Cicero
1297 1266 1426 1339 pro
1462 1242 1735 1315 ‘Milone
1760 1243 1926 1317 infi-

442 1337 793 1413 diatorem
862 1338 1040 1413 rimo
1065 1337 1401 1413 Clodium
1424 1338 1745 1414 ostendit:
1760 1359 1928 1416 tum

441 1436 638 1511 addit
655 1463 743 1510 ex
767 1463 804 1509 a
858 1437 1150 1511 undanti
1176 1492 1197 1529 ,
1220 1436 1484 1512 etiamfi
1499 1437 1567 1508 id
1591 1463 1735 1510 non
1754 1438 1926 1512 fuis-

441 1534 546 1608 set
567 1591 589 1627 ,
623 1536 837 1611 talem
881 1553 1118 1608 tamen
1148 1535 1392 1607 ‘civem
1440 1561 1599 1608 cum
1649 1534 1927 1612 summa

446 1634 715 1708 virtute
763 1632 1227 1707 interfeEtoris
1284 1634 1361 1706 &
1419 1634 1640 1731 gloria
1677 1631 1927 1710 necari
2005 1692 2010 1696 -

446 1731 770 1828 potuisse.
974 1821 982 1825 ⁶

467 1895 474 1900 .
542 1830 695 1902 Nec
739 1826 940 1900 illum
971 1839 1207 1900 tamen
1239 1827 1556 1900 ordinem
1579 1886 1603 1921 ‚
1639 1831 1727 1905 de
1770 1857 1927 1931 quo

445 1923 638 2022 prius
651 1924 803 1995 dixi
821 1976 844 2012 ,
873 1922 1352 1995 damnaverim
1373 1950 1392 1995 t
1417 1925 1582 2019 quia
1601 1923 1938 2023 quaedam'

447 2019 710 2094 etiamst
749 2018 874 2089 smt
912 2016 1084 2112 dura
1106 2071 1129 2109 ‚
1169 2017 1236 2090 in
1269 2018 1342 2089 id
1370 2034 1604 2091 tamen
1638 2026 1930 2121 valent,

451 2134 531 2189 ut
572 2141 655 2188 ea
681 2114 998 2186 molliant
1026 2139 1183 2225 quae
1216 2114 1284 2186 se
1340 2130 1618 2191 uuntur.
1661 2119 1922 2219 Neque
2006 2121 2011 2124 ’

455 2211 746 2287 omnino
788 2212 925 2294 fine
948 2229 1224 2288 ratione
1253 2238 1294 2288 e
1383 2214 1453 2287 id
1485 2218 1678 2314 quod
1707 2220 1933 2318 vulgo

455 2312 714 2389 dicitur
730 2367 754 2402 ,
787 2329 819 2361 α
852 2314 1160 2409 Iniquum
1170 2318 1505 2408 petendum
1525 2370 1548 2408 ‚
1578 2341 1652 2388 ut
1677 2345 1927 2414 aequum

444 2415 648 2507 firas.
704 2410 924 2505 Quod
952 2417 1188 2485 tamen
1226 2433 1439 2487 nemo
1469 2412 1556 2486 fic
1583 2415 1882 2515 accipiat
1902 2473 1932 2512 ,

457 2529 539 2596 ut
575 2511 814 2583 omnia>
843 2510 1084 2583 credat
1114 2512 1454 2585 audenda.
1501 2512 1715 2586 Reae
1742 2516 1930 2587 enim

465 2609 696 2698 Graeci
743 2607 1159 2704 praecipiunt
1176 2662 1198 2699 ,
1244 2614 1401 2681 Non
1438 2616 1741 2682 tentanda
1793 2635 1933 2705 quae

462 2709 621 2805 ffel
647 2707 907 2777 omnino
933 2734 1064 2777 non
1092 2705 1378 2804 poffitnt.

553 2803 690 2875 Sed
705 2802 983 2901 quoties
1011 2803 1138 2878 hac
1162 2856 1183 2893 ,
1208 2803 1295 2874 de
1322 2828 1460 2901 qua
1486 2803 1748 2902 loquor
1768 2860 1790 2897 ,
1815 2805 1940 2879 du·

468 2899 636 3000 plici
688 2899 1083 2975 defenfione
1130 2917 1449 2994 utemur,
1501 2901 1577 2975 id
1603 2902 1955 2980 laborem-2

531 3040 563 3070 α
584 3023 797 3072 Erasmus
819 3030 951 3085 putat
973 3018 1169 3069 <lustum
1232 3033 1287 3069 ut
1307 3020 1483 3083 justum
1501 3021 1698 3074 tandem
1724 3029 1928 3091 pretium

467 3082 561 3136 effe
595 3084 622 3134 ὲ
667 3085 1009 3135 mercatoribus
1028 3116 1045 3141 ‚
1082 3087 1168 3149 qui
1232 3082 1406 3137 fetant.
1450 3083 1600 3140 Tum·

465 3148 615 3217 pluris
623 3166 799 3204 merces
812 3151 916 3203 suas
930 3149 1167 3216 indicant,
