2200 3784
499 165 717 248 ’ΠΕ
805 169 1421 246 Ttsftnvs:
1578 189 1722 268 301·

259 302 514 376 'deinde
539 297 782 377 eorum
809 301 1060 377 fastum
1078 300 1595 379 convincimus:
1617 303 1718 376 ita

260 399 647 492 hujusmodi
695 399 881 473 testis
911 401 1153 473 multa
1197 400 1285 474 de
1332 400 1713 493 anteactis,

263 497 485 569 multa
531 497 617 569 de
663 497 977 571 insecutis
1014 551 1037 589 ‚
1085 498 1254 570 loco
1280 550 1304 588 ,
1336 512 1657 593 tempore
1687 549 1716 589 ,

228 627 236 634 ⁹
266 592 588 690 persona,
608 593 880 667 caeteris
917 618 1006 667 ue
1025 592 1122 667 est
1142 594 1716 691 interrogandus,

264 706 346 761 ut
373 689 444 761 in
487 690 770 787 aliquod
801 620 1196 788 reronsum
1235 689 1486 765 incidat
1508 740 1531 770 ,
1565 689 1718 786 post

268 788 466 884 quod
485 786 583 857 illi
609 788 729 861 vel
753 787 953 859 fateri
973 811 1128 884 quae
1141 786 1468 860 volumus
1485 786 1718 860 neces·

227 917 233 928 ·
260 882 334 954 se
354 882 457 974 fit,
481 883 602 956 vel
626 881 706 955 iis
737 903 890 981 quae
905 881 1042 975 jam
1064 884 1361 971 dixerat,
1383 906 1720 981 repugna·

263 1002 367 1053 re.
392 980 466 1051 Id
491 980 542 1051 fi
576 1004 717 1051 non
742 980 1081 1079 contingit
1112 1029 1144 1065 ,
1163 979 1507 1077 reliquum
1534 980 1713 1071 erit,

222 1123 230 1130 ·
257 1092 337 1146 ut
354 1100 513 1147 eum
530 1076 714 1149 nolle
733 1077 962 1151 dicere
979 1075 1402 1151 manifestum
1418 1075 1494 1148 fit
1514 1104 1532 1148 ε
1552 1100 1716 1172 pro-

257 1171 635 1245 trahendus
676 1198 765 1246 ue
785 1229 809 1265 ‚
842 1182 914 1246 ut
956 1176 1026 1244 in
1075 1173 1312 1270 aliquo
1366 1175 1557 1270 quod
1587 1172 1710 1248 vel

257 1285 453 1341 extra
496 1198 766 1344 caupam
801 1270 878 1341 fit
901 1326 919 1351 ,
952 1268 1531 1365 deprehendatur.
1565 1269 1712 1342 Te-

219 1401 224 1406 ·
254 1367 520 1439 nendus
548 1367 760 1439 etiam
787 1365 1153 1456 diutiu3‚ut
1173 1363 1437 1449 omnia,
1454 1388 1535 1436 ac
1560 1363 1711 1461 plu-

181 1511 190 1518 ·
251 1486 330 1534 ra
350 1462 563 1559 quam
581 1486 691 1536 res
720 1462 1213 1558 defiderat‚pro
1235 1485 1360 1534 reo
1377 1461 1619 1533 dicend
1629 1486 1707 1553 0,

255 1556 596 1653 suspessus
631 1558 845 1651 judici
901 1558 1022 1630 fiat
1066 1584 1090 1631 ι
1123 1582 1268 1656 quo
1296 1581 1440 1629 non
1482 1557 1710 1632 minius

256 1655 543 1727 nocebit
561 1709 584 1744 ,
608 1656 813 1753 quam
833 1654 882 1725 fi
903 1679 1074 1730 vera
1100 1655 1169 1726 in
1193 1655 1699 1731 reumdixiffet.

159 1841 166 1848 ,
225 1793 229 1800 ·
351 1753 443 1823 At
471 1751 518 1822 fi
550 1752 800 1849 (quod
826 1752 1130 1825 secundo
1167 1752 1327 1824 loco
1351 1752 1704 1854 diximus)

264 1848 525 1920 nesciet
561 1850 754 1921 aflor
786 1848 950 1947 quid
967 1848 1295 1948 propofiti
1315 1848 1501 1923 testis
1521 1868 1709 1923 attu-

258 1944 423 2016 lerit
471 1946 801 2043 paulatim
823 2001 847 2039 ,
885 1950 981 2021 ⁴&
1008 2002 1032 2040 ,
1059 1964 1138 2018 ut
1160 1947 1409 2019 dicitur
1427 2001 1450 2037 ,
1482 1950 1704 2044 pede·-

249 2043 492 2115 tentim
548 2044 1045 2142 interrogando
1095 2068 1179 2118 ex
1232 2044 1497 2118 erietur
1551 2046 1704 2117 ani·-

246 2165 437 2213 mum
459 2140 609 2235 ejus
640 2193 665 2226 ,
698 2142 776 2213 &
827 2141 914 2215 ad
961 2141 1033 2213 id
1074 2166 1151 2214 re
1182 2141 1471 2239 ponsum
1504 2144 1701 2239 quod

248 2238 667 2311 eliciendum
690 2238 822 2310 erit
841 2292 864 2329 ,
888 2262 1015 2334 per
1036 2240 1285 2335 gradus
1307 2238 1700 2311 ducet.Sed

297 2333 414 2427 uia
439 2357 934 2430 nonnunquam
958 2334 1112 2424 sunt
1130 2334 1253 2405 ha:
1278 2357 1560 2430 quoque
1592 2351 1700 2424 te-

246 2359 446 2499 flium
470 2445 653 2500 artes
682 2482 705 2519 ,
750 2447 829 2500 ut
864 2429 1092 2525 primo
1126 2431 1214 2500 ad
1253 2429 1693 2503 voluntatem

157 2591 166 2602 ς
243 2523 705 2620 respondeant
730 2579 753 2616 ,
781 2549 926 2623 quo
968 2524 1235 2618 majore
1260 2524 1397 2597 fide
1418 2524 1695 2599 diversa

246 2620 485 2718 postea
522 2622 792 2712 dicant,
825 2621 922 2695 est
957 2620 1378 2697 accusatoris
1404 2675 1427 2712 ‚
1464 2621 1696 2721 suspe-

239 2719 423 2793 &um
451 2718 692 2794 testem
726 2719 888 2791 dum
909 2718 1187 2817 prodest
1220 2773 1243 2810 ,
1283 2717 1697 2797 dimittere.·‘

317 2828 351 2863 *
388 2817 849 2889 Patronorum
887 2818 956 2889 in
983 2834 1182 2916 parte
1230 2817 1624 2914 expeditior
1663 2868 1692 2904 ,
1730 2860 1873 2916 *ch
1896 2877 2055 2928 pan-0-

243 2909 313 2982 in
338 2931 531 3005 parte
551 2913 895 2990 difficilior
911 2915 1364 3014 interrogatio
1390 2915 1508 2989 est.
1532 2914 1691 3006 Dif-
1706 2944 1795 2979 nus
1830 2933 2035 2994 opposu-

242 3004 497 3080 ficilior
527 3011 663 3085 hoc
689 3065 714 3102 ‚
767 3011 956 3108 quod
1007 3012 1169 3084 raro
1198 3037 1287 3084 un
1342 3035 1504 3082 uam
1531 3007 1818 3115 pos-{ffi-
1846 2993 2048 3079 “ms“

244 3102 400 3179 sunt
432 3122 591 3186 ante
615 3105 949 3207 judicium
976 3108 1148 3192 scire
1175 3108 1295 3210 qui
1369 3107 1552 3186 testis
1581 3107 1689 3203 cli-2

1682 3259 1692 3282 Χ
