2200 3784
361 186 438 264 D
475 202 519 256 E
606 182 957 256 Arno
993 192 1358 282 rmus.
1493 179 1637 276 4'05

279 305 369 376 Et
399 325 622 402 equus
662 299 780 374 ille
829 298 901 371 in
951 293 1218 375 funere
1249 295 1576 372 Pallantis
1613 344 1643 384 ‚

164 404 397 505 positis
435 398 558 500 qui
608 399 954 499 insignibus
1717 455 1721 462 .

387 505 458 572 Ic
504 503 871 592 lacrymans
900 545 928 581 ,
978 495 1296 593 guttisque
1338 491 1648 566 humeln
1680 480 1889 539 ¹¹·AEn·
1924 494 2019 543 9⁰·

349 653 354 656 -
476 597 829 694 grandibus
858 620 994 666 ora.

279 692 526 787 Quid?
554 716 696 766 non
740 690 927 764 idem
955 703 1168 787 poeta
1196 686 1471 785 penitus
1494 686 1655 761 ulti,

184 791 286 866 mi
308 792 436 865 fati
468 791 655 890 cepit
684 788 1057 887 imaginem
1078 841 1104 878 ,
1130 804 1207 859 ut
1235 786 1507 859 diceret
1533 813 1552 859 z

302 899 310 904 ’
383 894 455 962 E
454 899 485 968 st
563 894 773 968 dulces
864 889 1129 960 moriens
1218 887 1634 980 reminfiitur
1690 915 1894 974 ,ΘΛ-η,
1909 914 2028 980 7⁸2·

476 990 694 1086 Argos
721 990 761 1058 ἓ

274 1083 422 1157 Ubi
464 1085 648 1160 vero
705 1084 1149 1159 miseratione
1208 1099 1390 1183 opus
1462 1081 1596 1157 erit
1627 1097 1658 1174 ,¹

190 1181 400 1260 nobis
427 1206 509 1257 ea
527 1183 616 1259 de
639 1184 889 1282 quibus
959 1182 1267 1256 uerimur
1286 1238 1310 1273 ‚
1340 1180 1661 1255 accidiffe

195 1281 564 1355 credamus
579 1281 614 1374 '‚
642 1299 854 1378 atque
885 1210 957 1351 i}
993 1279 1231 1352 animo
1253 1277 1487 1352 nostro
1505 1301 1664 1376 per-

193 1377 632 1452 suadeamus,
677 1379 829 1452 Nos
861 1377 958 1451 illi
990 1377 1194 1451 fimus
1220 1433 1245 1470 ‚
1279 1383 1460 1476 quos
1507 1399 1669 1476 gra-

196 1477 321 1550 via
345 1531 369 1568 ‚
399 1476 681 1576 indigna
705 1533 729 1570 ‚
755 1476 968 1549 tristia
1004 1475 1233 1576 paffos
1265 1498 1672 1575 queramur.

196 1571 683 1673 Nec'agamus
734 1600 885 1648 rem
926 1574 1119 1676 quafi
1157 1573 1459 1648 alienam
1494 1630 1518 1667 ‚
1553 1570 1676 1647 sed
1730 1611 1739 1618 ·

205 1670 622 1747 affumamus
673 1698 1047 1787 parumper
1083 1672 1282 1746 illum
1325 1673 1675 1749 dolorem-⁴

206 1771 314 1843 Ita
352 1772 666 1857 dicemus
693 1823 715 1857 ‚
741 1798 993 1872 quaem
1023 1771 1223 1850 fimili
1253 1770 1487 1845 nostro
1518 1769 1679 1844 casu

209 1867 454 1944 disturi
489 1869 810 1946 effemus.
852 1870 1017 1944 Vidi
1043 1896 1176 1969 ego
1207 1869 1380 1969 saepe
1401 1867 1679 1974 histrio-5

127 2047 134 2054 ,
203 1969 337 2043 'nes
379 1987 592 2068 atque
618 1969 987 2043 comoedos
1019 2024 1042 2061 ,
1087 1972 1246 2042 etun
1286 1996 1376 2044 ex
1432 1967 1677 2065 aliquo

208 2068 542 2238 graviore
573 2069 727 2141 austu
753 2065 1119 2167 personam
1147 2066 1613 2166 deposuifl‘ent
1648 2118 1674 2156 ‚

264 2185 459 2241 entes
490 2167 717 2241 adhuc
744 2164 1007 2264 egredi.
1033 2166 1252 2259 Quod
1271 2166 1406 2239 fiin
1444 2163 1687 2243 alienis

213 2264 482 2362 scriptis
502 2263 648 2334 sola
670 2260 1153 2357 pronuntiatio
1181 2262 1280 2335 ita
1310 2262 1549 2350 falfisffl*
1573 2288 1684 2336 ac-

218 2361 409 2438 cedit
428 2358 782 2433 affeffibus
798 2414 822 2451 ,
838 2356 1009 2457 quid
1032 2383 1161 2432 nos
1182 2358 1548 2454 faciemus,
1562 2358 1686 2459 qui

218 2459 344 2532 illa
380 2457 693 2557 cogitare
719 2456 1059 2536 debemus
1089 2512 1114 2548 ,
1149 2475 1227 2531 ut
1259 2462 1537 2536 moveri
1563 2483 1690 2558 pe-

214 2555 668 2631 riclitantium
696 2555 858 2631 vice
890 2554 1219 2653 poffimus
1247 2558 1278 2633 i*
1548 2591 1555 2594 ·

311 2654 453 2730 Sed
522 2653 595 2726 in
659 2654 894 2730 schola
942 2655 1154 2729 rebus
1193 2678 1481 2755 quoque
1504 2704 1509 2709 -
1530 2653 1688 2753 ipfis

220 2754 402 2830 affici
443 2752 783 2831 convenit
809 2807 833 2846 ‚
874 2751 1130 2852 easque
1164 2779 1373 2829 veras
1405 2753 1527 2827 fibi
1554 2751 1690 2825 fin-

222 2876 391 2951 gere
418 2881 436 2925 :
468 2853 609 2927 hoc
631 2852 852 2952 magis
880 2906 904 2942 ,
945 2852 1140 2950 quod
1166 2852 1310 2927 illic
1346 2868 1426 2926 ut
1461 2851 1688 2951 litiga-

1740 2238 1771 2271 *
1786 2236 2056 2303 Legendutn

1709 2301 1947 2354 accendit.

21 2978 25 2982 ·
86 2941 96 2952 ’
137 3029 144 3034 ,
223 2967 421 3025 tores
461 2951 817 3049 loquimur
845 2951 1282 3063 freqqentihs
1311 3006 1336 3040 ‚
1366 2951 1573 3050 quam
1605 2968 1688 3025 ut

223 3047 582 3124 advocati.
620 3049 897 3123 Orbum
937 3075 1204 3149 aglmus
1228 3107 1251 3144 ,
1286 3052 1365 3125 &
1410 3047 1690 3125 naufr'aq

226 3169 420 3250 gum,
439 3149 519 3227 δι
533 3146 1049 3249 periclitantem
1071 3179 1090 3236 ε
1114 3174 1419 3251 ‚quorum
1441 3148 1691 3239 indu&
