2200 3784
297 121 425 198 'AN
482 136 790 199 vni-rus
846 139 977 200 sn·
1022 119 1542 202 Ram-omer.
1592 146 1736 227 159

237 240 426 316 dem·
444 242 805 339 praemium
827 240 964 315 fuit
990 242 1121 322 illo·
1170 265 1389 340 opere
1430 242 1499 315 di
1548 242 1730 316 niffi-
1785 258 1792 263 ’

238 364 471 415 mum.
495 341 623 414 His
644 365 781 439 ego
813 341 1330 451 comparandos
1360 262 1728 434 exufimm

190 457 205 460 ·
240 437 377 535 qui
412 436 489 509 in
508 437 1179 530 declamatiombus,
1204 463 1384 537 quas
1425 438 1562 515 effe
1591 464 1729 516 ve-

240 534 444 607 ritati
509 535 981 609 diffimillimas
1032 536 1285 612 volunt
1340 591 1366 629 ,
1443 554 1725 611 aetatem

242 633 479 705 multo
492 633 718 709 studio
741 660 822 710 ac
835 633 1082 709 labore
1111 632 1545 724 consumunt.
1582 638 1726 710 Ve-
1780 656 1808 680 ³

240 731 400 803 rhm
425 731 573 805 haec
595 757 809 831 quam
835 731 1188 806 instituere
1228 756 1568 805 conamur
1585 786 1608 823 ,
1640 733 1722 807 &

243 827 442 920 cujus
492 830 868 929 imaginem
924 831 1161 903 animo
1211 828 1658 926 concepimus
1692 885 1720 921 ,

243 946 409 1023 quae
449 928 838 1025 bonoyiro
874 926 1258 1017 convenit-,j
1299 950 1593 1026 quaeque
1622 927 1721 1003 est

240 1048 417 1101 vera
444 1026 795 1100 rhetorice
819 1079 843 1116 ,
871 1025 1099 1100 -virtus
1124 1024 1286 1098 erit.
1380 1069 1384 1074 -

324 1124 563 1215 ¹Quod
608 1123 1005 1221 philosophi
1046 1124 1331 1223 quidem
1370 1124 1601 1198 multis
1636 1128 1719 1203 δι
1772 1128 1781 1170 ²

241 1221 472 1294 acutis
509 1221 1066 1297 conclufionibus
1122 1221 1504 1318 colligunt3
1539 1223 1718 1296 mih-i

236 1318 429 1394 verb
450 1320 669 1394 etiam
681 1320 1000 1417 planiore
1017 1362 1047 1409 ,-
1070 1343 1160 1389 ae
1178 1320 1461 1414 proprie
1484 1319 1719 1392 nostra

236 1417 669 1514 probatione
683 1416 969 1492 videtu-r
983 1415 1121 1488 effe
1143 1413 1717 1512 perspicuum.Ab

235 1514 381 1587 illis
425 1517 575 1588 haec
618 1514 994 1588 dicuntur:
1046 1510 1120 1582 Si
1163 1511 1556 1586 consonare.
1591 1513 1716 1587 fibi

232 1611 314 1684 in
336 1612 692 1685 faciendis
720 1635 805 1684 ac
834 1634 986 1682 -non
1010 1609 1346 1685 faciendis
1364 1665 1389 1703 ,
1431 1609 1717 1687 virtutis

234 1708 342 1784 est
364 1761 381 1787 ‚
419 1734 575 1808 quae
596 1734 759 1808 pars
788 1708 939 1804 ejus
970 1708 1337 1808 prudentia
1363 1727 1714 1808 vocatur,

234 1807 488 1882 eadem
512 1807 587 1882 in
607 1808 915 1884 dicendis
933 1834 1016 1882 ac
1043 1822 1190 1881 non·
1211 1807 1526 1885 dicendis
1551 1810 1712 1885 erin

235 1908 326 1979 Et
341 1933 360 1979 z
381 1906 430 1980 sr
452 1908 753 1985 virtutes
778 1908 964 2003 sunt,
988 1907 1076 1982 ad
1092 1906 1482 2006 quasnobis
1499 1908 1711 1987 etiam

236 2023 612 2106 antequam
651 2008 1115 2103 doceremur,
1162 2006 1355 2081 initia
1388 2009 1710 2107 quaedam

233 2127 333 2176 ac
353 2103 610 2181 semina
638 2107 793 2180 sunt
824 2106 1142 2182 concess‘a
1174 2106 1471 2194 natur&
1507 2124 1584 2181 ut
1615 2108 1744 2182 ad*

230 2198 562 2296 justitiam
587 2255 610 2297 ,
637 2204 832 2300 cujus
849 2204 1124 2278 rusticis
1141 2229 1427 2304 quoque
1445 2206 1709 2278 achar-

229 2299 423 2374 baris
443 2319 736 2399 apparet
769 2302 1003 2398 aliqua
1028 2301 1308 2398 imago:
1335 2327 1486 2390 nos
1517 2302 1730 2397 certe

226 2398 319 2469 fic
347 2399 483 2471 effe
508 2400 598 2469 ab
622 2397 827 2468 initio
845 2397 1191 2468 formatos
1213 2451 1236 2487 ‚
1262 2412 1340 2468 ut
1360 2397 1708 2493 poffemus
1789 2422 1792 2427 ·

234 2517 441 2568 orare
462 2518 595 2593 pro
619 2493 824 2565 nobis
849 2545 877 2577 ,
904 2491 1168 2567 etiamfi
1190 2506 1333 2564 non
1409 2494 1706 2584 erfeste3

231 2607 479 2666 tamen·
528 2610 606 2666 uz
644 2591 938 2693 inefl'ent
978 2591 1300 2690 quaeda-m
1398 2608 1475 2663 ut
1504 2590 1706 2691 dixi)

229 2689 489 2766 semina
522 2692 673 2787 ejus
708 2690 1061 2769 facultatis
1082 2745 1105 2782 ,
1133 2689 1562 2763 manifestum
1588 2691 1707 2767 est.

230 2790 397 2866 Non
426 2794 671 2866 eadem
718 2807 957 2866 autem
998 2791 1109 2863 his
1159 2806 1406 2864 natura
1437 2790 1704 2866 artibus

232 2892 330 2961 est
349 2947 371 2982 ‚
395 2917 556 2992 quae
576 2892 616 2964 ὲ
637 2891 904 2965 virtute
931 2891 1086 2964 sunt
1113 2897 1427 2963 remotae,
1459 2891 1702 2988 ltaque

234 2990 393 3060 clim
419 2992 562 3064 duo
597 2991 722 3064 fint
757 3015 1013 3089 genera
1049 2988 1389 3069 orationis
1410 3041 1435 3079 ,
1478 2987 1703 3060 altera

230 3109 605 3199 perpetua,
617 3116 771 3190 quae
786 3088 1150 3168 rhetorice
1168 3087 1464 3183 dicitur3
1480 3087 1708 3188 altera

598 3248 641 3273 Ι
