2200 3784
543 207 703 289 3⁴10
882 187 1087 259 Lu..
1136 181 1235 257 V.
1296 179 1518 257 cn.
1566 177 1732 255 ῙΧ.

539 305 926 377 ¹strumenta
955 354 980 392 ,
1014 300 1250 399 qualia
1274 298 1533 371 tabulae
1566 353 1591 388 ‚
1634 306 1964 373 rumores
1993 356 2019 393 ,

543 399 804 473 testest
839 422 974 471 nec
993 396 1448 472 inveniuntur
1464 396 1550 467 ab
1577 397 2023 482 oratore‚sed

551 496 643 568 ad
672 519 835 569 eum
861 520 1023 570 cum
1050 494 1194 593 ipsa
1214 492 1414 570 causa
1433 492 1867 566 deferuntur.
1900 495 2022 566 Al-

533 604 705 667 :tera
732 647 757 685 ,
787 589 982 693 qubd
1008 592 1193 691 figna
1236 591 1378 667 five
1408 589 1795 662 indubitata
1826 589 1958 663 fint
1983 639 2020 679 ‚

537 689 698 763 non
717 690 874 764 sunt
891 699 1328 791 argumenta:
1348 688 1510 786 quia
1530 685 1653 758 ubi
1669 687 1788 758 illa
1810 686 1973 760 sunt
1986 743 2018 782 ,

537 787 837 888 -quaestio
883 812 1026 861 non
1052 788 1149 862 est
1185 814 1208 875 ;
1248 811 1325 859 ar
1369 802 1658 858 umento
1709 799 1951 856 autem
1988 840 2017 878 ‚

537 881 676 957 :inifi
708 885 780 957 in
822 910 897 960 re
925 903 1269 962 controve
1339 910 1377 955 a
1402 938 1423 973 ‚
1454 883 1652 955 locus
1689 881 1825 955 effe
1865 906 2015 954 non

549 981 780 1080 potest
799 1011 824 1054 .·
842 982 984 1058 five
1005 981 1218 1054 dubia
1247 1037 1269 1071 ,
1298 1002 1439 1060 non
1466 980 1617 1051 sunt
1638 1002 2015 1077 argumen-

538 1095 662 1169 ta,
683 1079 799 1153 sed
822 1079 965 1180 ipsa
998 1078 1421 1176 argumentis
1449 1093 1678 1173 egent.

645 1175 844 1249 D1v1
857 1195 1194 1250 mmmm
1219 1192 1453 1248 autem
1488 1175 1561 1244 in
1600 1174 1722 1244 has
1749 1171 2010 1268 primas

531 1271 719 1346 duas
758 1271 1021 1374 species
1051 1328 1076 1366 ,
1136 1272 1328 1376 qubd
1387 1291 1630 1346 eorum
1681 1269 1817 1341 alia
1850 1270 2010 1345 sunt

549 1368 686 1540 gut
721 1371 922 1473 dixi)
965 1396 1123 1471 quae
1166 1369 1541 1445 neceffaria
1583 1369 1735 1440 sunt
1764 1422 1788 1459 ‚
1845 1393 2008 1467 quae

559 1559 564 1564 ι
622 1467 786 1541 raeci
805 1488 1070 1544 vocant
1091 1467 1379 1569 τεκμήρια
1395 1494 1425 1539 -:
1447 1467 1583 1540 alia
1603 1464 2010 1542 non-neces-

555 1564 779 1657 saria,
816 1592 972 1665 quae
1004 1567 1243 1657 σημεῖα.

646 1664 889 1736 Priora
936 1663 1053 1735 illa
1110 1663 1263 1736 sunt
1290 1685 1445 1760 quae
1485 1658 1685 1733 aliter
1742 1660 2009 1737 habere

545 1757 620 1857 se
651 1783 794 1833 non
843 1761 1117 1859 poffunt
1136 1787 1163 1832 A:
1197 1784 1351 1860 quae
1382 1757 1549 1832 mihi
1564 1758 1685 1831 vix
1708 1758 2013 1856 pertine-

551 1879 630 1930 re
681 1858 767 1932 ad
809 1875 1155 1955 praecepta
1208 1856 1373 1929 artis
1427 1856 1776 1930 videniur.
1820 1855 2011 1929 Nam

551 1951 693 2023 ubi‘
717 1952 813 2025 est
850 1952 1107 2047 fignum
1154 1951 1521 2022 insolubile
1550 2002 1570 2030 ‚
1624 1954 1723 2023 ibi
1776 1978 1866 2027 ne
1921 1953 2009 2027 lis

552 2046 837 2144 quidem
892 2046 1014 2118 est.
1075 2045 1153 2115 Id
1200 2061 1437 2117 autem
1478 2047 1737 2137 accidit
1761 2102 1786 2137 ,
1844 2052 2013 2124 etun

551 2141 718 2241 quid
737 2157 855 2212 aut
877 2141 1256 2215 neceffe-est
1269 2138 1419 2211 fieri
1437 2137 1819 2230 ,fafih'lmve
1837 2148 2018 2241 effe,

554 2255 675 2312 aut
708 2238 1207 2313 certbomninb
1230 2260 1375 2312 non
1398 2238 1630 2332 potest
1647 2236 1801 2312 fieri
1827 2296 1853 2333 ,
1879 2247 2012 2317 vel

556 2334 694 2410 effe
711 2333 1019 2432 faRumq:
1053 2363 1199 2438 quo
1234 2337 1306 2410 in
1333 2334 1544 2414 caufis
1605 2336 1831 2436 poslto
1856 2394 1881 2434 ,
1918 2340 2013 2412 lis

555 2457 700 2507 non
733 2431 831 2506 est
864 2433 984 2506 nifi
1018 2435 1201 2511 faffl.
1224 2490 1248 2510 .
1279 2488 1299 2511 .
2012 2432 2025 2438 ’

549 2541 566 2554 “
645 2529 800 2604 Alia
823 2530 982 2606 sunt
1012 2533 1192 2635 figna
1219 2557 1360 2607 non
1389 2532 1761 2608 necefl'aria
1787 2591 1811 2624 ‚
1847 2560 2005 2633 quae

551 2627 750 2701 ἐἰκαῖα
792 2629 1018 2705 Graeci
1068 2648 1371 2706 vocant:
1406 2657 1559 2730 quae
1605 2631 1864 2706 etiamst
1916 2630 2007 2705 ad

549 2726 938 2822 [tollendam
976 2729 1479 2802 dubitationem
1515 2725 1660 2801 sola
1688 2754 1829 2802 non
1861 2729 2006 2802 suf·
2095 2774 2098 2777 ·

550 2819 845 2918 ficiunt3
888 2844 1125 2899 tamen
1168 2826 1480 2924 adjunsta
1512 2830 1776 2901 caeteris
1798 2882 1821 2920 ‚
1851 2828 2001 2925 plu·

552 2922 804 3014 rimhm
860 2921 1121 2996 valent.

551 3045 558 3054 ·
650 3021 929 3118 Signum
980 3011 1249 3118 vocant'
1296 3018 1435 3118 (ut
1465 3017 1603 3091 dixi
1630 3017 1940 3120 γαμῶν
1980 3045 2005 3093 =

547 3118 956 3218 fquanquam
985 3103 1070 3189 ‘id
1111 3115 1403 3217 quidam
1420 3115 1752 3191 indicium
1782 3149 1807 3211 ·,
1847 3117 2010 3217 qui-
