2200 3784
234 408 496 460 Rhetorica

145 473 272 521 Fabii
307 490 450 524 com-

144 537 413 590 mend-atur.

219 1360 260 1397 x.
312 1346 496 1414 Perspi-

146 1414 323 1460 cuitate
346 1419 395 1463 δι
423 1429 499 1464 or.

148 1474 261 1525 dzne
294 1493 500 1548 ptaecep-

147 1552 330 1598 totum.

523 175 603 284 vj
799 232 807 238 .
873 165 1392 254 PRAEFA
1420 169 1685 257 Tm.

523 281 956 370 suetudine
1015 286 1468 390 scholarum
1543 286 1998 372 abhorrent.

640 398 934 483 Fabius
986 402 1086 485 fic
1139 429 1356 486 caret
1386 402 1764 486 omnibus
1793 397 2009 485 hisee

523 513 1074 599 incommodis
1109 585 1129 620 ‚
1182 542 1271 601 ut
1316 519 1681 601 neutrius
1732 541 2011 602 tamen

521 630 859 715 virtutes
915 629 1334 716 desideret⁵
1412 629 2010 716 Aristotelicam

527 741 1067 831 subtilitatem
1115 747 1217 831 fic
1241 747 1649 831 Tullianae
1678 745 2006 861 elegan-

525 862 659 946 tiae
704 861 1033 947 floribus
1079 859 1558 979 distinguit,
1605 889 1698 947 ut
1748 871 1830 946 &
1880 866 2008 976 ju-

526 1003 951 1062 ventutem
1002 978 1366 1062 detinere
1413 975 1756 1062 suaviter
1803 1044 1828 1082 ‚
1916 985 2003 1061 ὅ(

526 1122 893 1177 exercere
945 1091 1397 1177 altiffimam
1451 1122 1783 1209 quoque
1813 1104 2004 1175 eru'-

525 1207 929 1292 ditionem
966 1238 1058 1291 ac
1075 1203 1489 1293 scientiam
1522 1209 1771 1323 poffit.

578 1356 584 1367 ²
639 1325 775 1408 Ac
823 1350 1302 1409 PRAECEPTA
1362 1323 1699 1439 quidem
1729 1318 1894 1440 ipsa
1944 1321 2003 1406 fi

529 1438 1120 1525 confideremus
1145 1506 1167 1544 ,
1217 1469 1462 1523 nemo
1501 1467 1863 1554 unquam
1886 1465 2006 1520 ar*

528 1557 634 1641 tis
699 1555 1160 1640 Rhetoricae
1229 1556 1397 1639 vim
1485 1582 1822 1641 omnem
1902 1550 2010 1636 sic

530 1672 892 1787 expreffit
927 1731 958 1769 ,
1029 1669 1133 1754 fic
1190 1696 1595 1755 oratorem
1647 1665 2016 1785 comple-

529 1815 681 1888 xus
728 1782 839 1870 est
869 1779 1359 1868 universum.
1418 1788 1680 1867 Hunc
1725 1783 1866 1868 ille
1904 1779 2010 1875 ab

527 1899 708 2017 ipfis
766 1895 1284 1984 incunabulis
1327 1895 1431 1980 ad
1464 1895 1842 1980 ultimam
1873 1893 2012 1979 us-

530 2045 695 2133 que
726 2008 1716 2100 senefiutemitadeducit
1747 2078 1772 2117 ,
1831 2009 2015 2096 nul·

527 2132 696 2218 lam
752 2158 846 2216 ut
899 2135 1072 2244 ejus
1128 2129 1311 2212 vitae
1373 2152 1680 2242 partem
1742 2138 2009 2211 carere

527 2247 858 2364 optimis
879 2244 1394 2331 documentis
1414 2242 1641 2327 finat.
1670 2240 2011 2358 Ubique

530 2364 782 2451 mirus
811 2361 1016 2447 ordo
1070 2390 1336 2445 rerum
1366 2427 1391 2466 ,
1424 2359 1628 2443 mira
1656 2355 1889 2443 series
1923 2364 2011 2443 δε

528 2478 1063 2565 concinnitas.
1114 2477 1243 2562 Sic
1282 2474 1659 2607 pleraque
1686 2474 1896 2558 inter
1932 2472 2013 2557 se

529 2625 901 2680 connexa
939 2604 1020 2678 &
1056 2617 1243 2707 apta
1271 2659 1294 2697 ‚
1338 2616 1432 2674 ut
1457 2589 1681 2673 aliud
1716 2620 1811 2674 ex
1850 2587 2014 2673 alio

529 2707 903 2794 nascatur
954 2737 1048 2792 ac
1079 2703 1429 2822 pendeat
1456 2773 1479 2809 ‚
1539 2734 1690 2787 nec
1721 2705 1768 2788 a
1820 2735 2009 2818 pro-

530 2823 788 2940 posito
851 2822 1303 2939 quidquam
1370 2817 1705 2903 aberret.
1764 2816 2014 2902 Clare

530 2968 628 3025 ac
684 2935 1094 3043 dilucide,
1163 2966 1344 3053 quae
1412 2934 1805 3051 p'raecipua
1864 2932 2014 3018 dos

536 3064 625 3140 ὃς
655 3056 902 3141 virtus
953 3052 1321 3137 docentis
1358 3119 1380 3155 ‚
1426 3051 1806 3166 proponit
1841 3078 2015 3134 om-

536 3169 680 3259 nia
719 3169 822 3258 de
865 3166 1163 3290 quibus
1189 3166 1551 3256 di&utus
1586 3161 1704 3251 est·
1731 3234 1754 3275 ,
1813 3166 2013 3254 &in
