2200 3784
436 84 584 210 115⁸
662 111 869 183 Lm.
942 104 1044 179 11.
1102 82 1662 178 *cnfxxn

468 262 471 269 ·
716 242 1234 349 CAPUT
1369 258 1744 359 xxn„

437 431 574 505 AN
625 451 999 508 vmrus
1043 453 1202 506 sn·
1239 380 1920 551 Rnssrontcr-:J

436 605 517 775 I
537 597 711 672 LLA
736 599 1027 701 quaestio
1043 601 1143 673 est
1163 596 1421 694 maior,
1443 622 1534 672 an
1551 625 1641 673 ex
1657 602 1920 676 mediis

317 774 322 781 ,
544 698 809 774 artibus
831 753 855 791 ‚
887 724 1044 798 quae
1069 708 1301 796 neque
1327 696 1598 770 laudari
1623 723 1749 796 per
1776 699 1846 774 se
1882 752 1914 792 ,

434 817 671 892 neque
700 795 1087 894 vituperati
1123 795 1399 894 poffunt
1420 845 1441 877 ‚
1490 793 1610 869 sed
1647 796 1858 870 utiles
1878 851 1908 890 ‚

438 899 562 965 au't
602 893 797 968 secus
852 895 1228 967 secundum
1279 915 1514 967 mores
1560 893 1917 971 utentium

435 988 639 1083 fiunt,
664 992 980 1066 habenda
1005 992 1083 1064 fit
1111 991 1462 1065 rhetorice
1500 1017 1517 1062 ε
1550 1015 1642 1063 an
1671 990 1748 1063 fit
1768 1044 1792 1081 ,
1820 1008 1909 1065 ut

438 1090 920 1202 compluribus
936 1090 1151 1189 etiam
1172 1088 1753 1188 philosophorum
1770 1089 1919 1186 pla-

434 1202 602 1279 cet,
637 1205 885 1262 virtus.

533 1286 879 1385 Equidem
904 1285 1080 1361 illud
1099 1286 1294 1386 quod
1311 1286 1384 1359 in
1408 1284 1650 1360 studiis
1678 1285 1917 1361 dicen-⁴

437 1382 510 1457 di
552 1385 876 1485 plerique
900 1402 1366 1461 exercuerunt
1403 1388 1483 1460 &
1509 1402 1840 1461 exercent
1873 1403 1904 1477 ,·
1985 1408 1994 1413 ·

439 1500 563 1555 aut
594 1484 852 1560 nullam
887 1503 1116 1559 artem
1134 1537 1151 1563 ,
1203 1510 1360 1584 quae
1395 1481 1654 1571 α’τεχωά
1684 1482 1916 1555 nomi-

435 1597 644 1660 natur
662 1636 684 1672 ,
719 1601 896 1681 puto
922 1611 950 1672 3
976 1584 1283 1682 (multos
1310 1579 1497 1657 enim
1528 1580 1744 1657 video
1766 1580 1911 1657 fine

436 1678 712 1753 ratione
731 1731 755 1768 ,
789 1681 926 1753 fine
950 1681 1173 1756 literis
1190 1733 1217 1768 ,
1237 1681 1379 1780 qua
1408 1682 1529 1758 vel
1547 1679 1924 1777 impuden-

437 1774 540 1849 tia
561 1831 585 1868 ,
621 1778 739 1853 vel
762 1776 983 1851 fames
1009 1779 1206 1852 duxit
1225 1833 1248 1871 ‚
1268 1780 1602 1880 ruentes)
1626 1795 1747 1852 aut
1766 1802 1917 1852 ma-

436 1873 580 1946 lam
606 1874 795 1974 quali
823 1892 1082 1964 artem,
1122 1900 1334 1972 quam
1366 1876 1761 1961 κακοτεχνίαν
1800 1875 1915 1949 di-

436 1970 664 2044 cimus
697 2000 715 2044 :
751 1996 911 2044 nam
938 1976 1018 2046 δε
1049 1972 1245 2044 fuiffe
1288 1970 1551 2043 multos
1578 2024 1602 2061 ,
1648 1973 1727 2042 &
1769 1974 1911 2046 effe

428 2068 811 2143 nonnullos
836 2068 1155 2143 existimo
1171 2123 1196 2163 ‚
1226 2068 1348 2167 qui
1371 2066 1781 2141 facultatem
1803 2070 1908 2142 di-

432 2166 641 2241 cendi
668 2167 758 2241 ad
786 2167 1158 2241 hominum
1181 2165 1566 2268 perniciem
1602 2191 1916 2245 conver-

430 2260 676 2343 ieflnt.
729 2268 1196 2355 Ματαιοτιχνίοι
1241 2291 1529 2367 quoque
1574 2267 1672 2341 est
1714 2293 1913 2367 quaeq

429 2363 635 2457 dam,
673 2367 747 2440 id
774 2366 869 2441 est
887 2368 1325 2464 supervacua
1356 2365 1527 2441 artis
1553 2365 1859 2440 imitatio
1883 2390 1915 2459 ,·

430 2488 591 2561 quoe
625 2466 798 2541 nihil
829 2466 989 2541 sane
1023 2492 1155 2541 nec
1190 2467 1362 2542 boni
1400 2490 1532 2537 nec
1571 2465 1738 2538 mali
1784 2466 1914 2547 haf-
1991 2477 1995 2480 ”

424 2564 602 2637 beat
624 2621 647 2655 ,
663 2565 784 2640 sed
809 2590 1072 2641 vanum
1097 2567 1450 2641 laborem:
1475 2563 1699 2658 qualis
1718 2563 1911 2635 illius

429 2660 563 2732 fuit
596 2663 718 2757 qui
748 2686 961 2760 grana
992 2664 1237 2735 ciceris
1268 2686 1357 2734 ex
1404 2659 1627 2755 spatio
1660 2658 1907 2741 distant

428 2771 504 2829 te
529 2757 718 2829 miffa
748 2814 771 2850 ‚
796 2759 868 2829 in
898 2781 1104 2832 acum
1129 2756 1465 2834 continue
1486 2759 1563 2830 &
1587 2756 1725 2828 fine
1759 2754 1907 2828 fru-

426 2852 760 2930 stratione
784 2854 1167 2931 inserebat:
1195 2879 1408 2955 quem
1434 2855 1593 2926 cltm
1615 2853 1906 2951 spectas-

421 2954 553 3032 set·
590 2954 1035 3047 Alexander,
1082 2952 1375 3029 ‘donass‘e
1437 2977 1600 3028 eum
1642 2948 1906 3047 dicitutss·
1991 2990 2002 2997 ·

429 3052 739 3150 ejusdem
776 3048 1151 3159 legumini's
1177 3052 1452 3134 modio}
1496 3052 1721 3160 Quod
1751 3052 1915 3155 qui?
