2200 3784
442 136 613 251 Du
709 149 1464 247 Tasrmu's.
1591 167 1731 266 29'7
1848 169 1899 272 j

272 285 415 375 nia,
440 277 819 359 enumera&
849 284 1160 384 Sequens
1185 282 1369 355 ratio
1401 281 1497 356 est
1514 332 1544 369 ,
1573 285 1763 384 cimp

282 381 1033 479 specialiterquidem‘,
1067 381 1183 454 sed
1212 398 1442 454 tamen
1472 380 1735 455 multos¹

275 480 543 575 pariter
577 480 907 552 invadere
944 478 1219 576 patroni
1249 478 1489 551 solent.
1546 479 1733 550 Nam

281 578 362 648 &
383 592 413 621 ‘¹
430 576 735 673 gentium
751 575 944 647 fimul
962 574 1438 649 universarum
1452 575 1734 652 elevata

211 745 215 750 ,
280 671 672 744 testimonia
695 672 781 745 ab
804 673 1197 746 oratoribus
1227 673 1505 762 scimus,
1522 676 1736 766 &to-

195 827 199 831 .
283 784 356 839 ta
381 794 636 865 genera
665 768 1213 842 testimoniorum
1231 822 1255 859 ,
1284 785 1361 841 ut
1385 770 1472 840 de
1495 771 1519 817 5
1543 769 1739 843 audi-

284 865 588 937 tionibus
626 893 644 937 z
685 890 828 937 non
868 865 1052 938 enim
1085 865 1268 963 ipsos
1306 864 1439 939 effe
1468 867 1676 940 testes
1707 921 1736 958 ,

281 961 398 1033 sed
427 961 892 1055 iniuratorum
935 963 1178 1037 afferre
1200 986 1419 1038 voces
1452 987 1470 1034 :
1512 962 1733 1061 utque

284 1057 368 1129 in.
386 1059 603 1131 caufis
627 1061 1195 1155 repetundarum,
1216 1060 1431 1159 quise
1452 1075 1584 1134 reo
1611 1086 1738 1134 nu-

283 1155 579 1229 meraffe
616 1158 939 1254 pecunias
981 1157 1211 1252 jurant
1243 1212 1267 1247 ‚
1307 1158 1739 1256 litigatorum

286 1275 431 1324 non
470 1253 741 1327 testium
788 1255 1148 1326 habendos
1196 1254 1384 1326 loco,
1454 1257 1739 1328 interim

281 1349 615 1423 adversus
634 1350 924 1447 singulos
947 1350 1257 1447 dirigitur
1287 1349 1485 1423 aetio.
1514 1350 1740 1444 Quod

279 1445 739 1518 inseftationis
774 1470 989 1544 genus
1039 1450 1118 1519 &
1148 1445 1558 1543 permistum
1606 1450 1738 1521 de-

279 1542 569 1615 fenfioni
596 1542 883 1640 legimus
930 1543 1474 1632 morationibus
1523 1544 1737 1642 pluri·-

281 1637 409 1710 mis
427 1692 450 1728 ,
478 1639 555 1710 &
584 1639 949 1736 separatim
979 1640 1275 1734 editum,
1299 1639 1464 1715 ficut
1490 1642 1563 1715 in
1585 1645 1737 1731 Vaff

278 1735 526 1810 tinium
576 1737 876 1812 testem..
1566 1739 1569 1744 ’
1774 1829 1781 1836 ‚

359 1834 690 1907 ΤοτυΜ
721 1836 932 1934 igitur
972 1836 1403 1911 excutiamus
1437 1838 1733 1932 locum‘,

273 1932 558 2030 quando
613 1934 1008 2010 universam
1057 1934 1559 2011 institutionem
1583 1962 1737 2037 :ag-

207 2101 213 2105 .
281 2028 478 2126 greffi
503 2028 748 2104 sumus.
792 2032 1538 2134 sufficiebantalioqui
1571 2035 1735 2109 libri

283 2128 427 2198 duo
454 2126 495 2198 ὲ
531 2128 853 2202 Domitio
879 2131 1049 2203 Afro
1072 2131 1144 2201 in
1165 2132 1343 2204 hanc
1366 2157 1516 2206 rem
1538 2158 1737 2208 com-

285 2223 489 2320 pofiti
514 2275 541 2309 ‚
566 2251 774 2322 quem
802 2228 1359 2326 adolescentulus
1367 2231 1598 2303 senem
1622 2255 1741 2304 co-

274 2321 420 2391 lui:
460 2337 541 2390 ut
572 2346 713 2393 non
745 2323 918 2393 lefta
955 2323 1127 2393 mihi
1168 2328 1434 2412 tantum
1457 2350 1587 2410 ea,
1612 2327 1734 2398 sed

267 2417 604 2511 pleraque
629 2441 718 2488 ex
748 2417 898 2513 ipso
927 2416 1051 2487 fint
1077 2419 1396 2516 cognita.'
1417 2422 1481 2493 Is
1499 2420 1734 2494 veris·-

270 2510 433 2582 fime
456 2513 768 2612 praecipit
788 2565 806 2593 ‚
832 2513 1129 2611 primum
1155 2516 1292 2589 effe
1319 2516 1392 2588 in
1417 2519 1548 2590 hac
1572 2539 1731 2613 par-

275 2624 350 2681 te
374 2608 679 2681 officium
705 2611 1009 2684 oratoris
1028 2665 1052 2701 ‚
1094 2628 1172 2684 ut
1199 2629 1423 2686 totam
1454 2614 1729 2690 causam

270 2704 696 2781 familiariter
726 2707 913 2781 norit
944 2736 963 2782 ε
995 2709 1187 2808 quod
1231 2710 1368 2786 fine
1393 2712 1611 2786 dubio
1640 2712 1735 2786 ad

273 2802 505 2875 omnia
525 2805 849 2903 pertinet.
871 2807 956 2879 Id
973 2809 1332 2906 quomodo
1349 2811 1730 2910 contingat,

337 2949 550 2995 aciceto
583 2947 741 2999 elevat
768 2950 974 2999 testimo·
1026 2969 1073 3002 u.
1117 2974 1194 3012 9··
1217 2970 1291 3005 ιι.

273 3008 358 3055 nia
388 3009 638 3060 Gallorum
664 3028 753 3077 pto
782 3018 977 3064 Fonteio
1089 3016 1119 3066 h
1139 3017 1265 3068 cum
1293 3019 1425 3069 testes
1452 3018 1731 3073 dicunttan-

276 3082 329 3118 n.
384 3085 465 3119 ιι.
501 3097 534 3109 -·
563 3090 641 3136 23.
706 3082 977 3132 Graecorum
1029 3094 1133 3129 tnm
1177 3083 1224 3131 se
1255 3079 1485 3132 audiviffe
1515 3079 1632 3148 quid
1666 3079 1737 3132 ab'

280 3130 655 3203 Afianotumque
689 3154 778 3204 pro
813 3141 979 3194 Flacco
1032 3142 1152 3199 auis.
1651 3155 1663 3168 ⁴

1284 3206 1432 3307 Nv.
