2200 3784
562 114 1413 194 PnomM-i-u-M.
1708 144 1797 224 5.

237 234 326 309 &
372 231 821 330 publicarum
856 232 1440 335 privatarumque
1500 261 1743 311 rerum
1787 298 1791 305 .

241 330 844 405 administrationi
890 330 1478 416 ,accommodatus
1517 392 1539 428 ,
1617 338 1742 435 qui

242 454 489 529 regere
537 427 846 504 confiliis
902 431 1114 503 urbes
1149 486 1172 520 ‚
1219 432 1511 507 fundare
1564 435 1743 534 legi-

232 528 364 602 hus
414 584 439 623 ,
495 528 882 611 emendare
926 527 1205 622 judiciis
1267 531 1471 627 poflit
1506 588 1530 624 ,
1587 558 1734 607 non
1777 598 1782 607 .

234 627 412 700 alius
443 626 528 700 fit
560 625 886 725 profesto
921 626 1131 725 quem
1164 645 1435 713 orator.
1482 633 1731 724 Quare

229 725 515 799 tametfi
559 748 678 815 me
711 723 949 797 fateor
992 723 1276 798 usurum
1310 728 1727 826 quibusdam

228 847 390 920 quae
462 821 1052 920 philosophorum
1113 824 1306 896 libris
1362 828 1726 903 continen-

226 937 344 993 tur
371 977 397 1014 ,
428 938 673 995 tamen
704 945 791 994 ea
814 919 965 1015 jure
995 922 1309 1021 vereque
1334 916 1727 1001 constude-

227 1019 372 1095 rim
407 1019 544 1092 effe
580 1018 824 1117 operis
859 1018 1071 1091 nostri
1105 1075 1127 1111 ,
1163 1022 1593 1124 proprieque
1630 1025 1721 1098 ad
1755 1098 1780 1137 ρ

235 1133 463 1191 artem
498 1115 898 1190 oratoriam
927 1118 1313 1215 pertinere.
1361 1125 1468 1193 An
1502 1124 1550 1194 fi
1577 1123 1720 1198 fre·-

231 1215 685 1313 quentiffime
728 1215 817 1289 de
850 1214 1104 1310 justitia
1137 1271 1161 1308 ‚
1221 1217 1635 1295 for-titudine
1689 1278 1714 1315 ,

230 1313 713 1413 temperanti&
741 1365 770 1400 ,
814 1315 1217 1414 caeterisque
1274 1316 1603 1391 fimilibus
1638 1320 1717 1391 fit

230 1411 707 1485 differendum
734 1426 760 1494 ',
800 1412 985 1486 adeo
1018 1430 1096 1485 ut
1144 1414 1271 1486 vix
1306 1415 1452 1487 ulla
1515 1417 1719 1513 poffit

229 1511 442 1585 causa
474 1509 766 1607 reperiri
792 1510 870 1581 in
913 1536 1053 1609 qua
1080 1534 1228 1582 non
1248 1510 1479 1610 aliqua
1503 1514 1720 1612 quaes-
1753 1588 1758 1595 ,

231 1610 352 1682 tio
383 1633 479 1679 ex
513 1608 622 1680 his
642 1608 892 1684 incidat
913 1665 935 1699 ‚
966 1608 1194 1706 ezique
1216 1611 1451 1683 omnia
1464 1611 1721 1687 inven-
1753 1686 1760 1695 ,

234 1707 455 1780 tione
481 1723 681 1806 atque
704 1705 1109 1781 elocutione
1127 1707 1253 1781 sint
1269 1709 1675 1807 explicanda
1684 1738 1713 1800 ;
1747 1796 1754 1807 ὁ

239 1803 706 1897 dubitabitur,
736 1805 1164 1904 ubicumque
1195 1806 1307 1882 vis
1339 1808 1596 1908 ingenii
1630 1813 1713 1884 &

239 1904 447 2004 copia
498 1903 780 1978 dicendi
821 1902 1205 2001 postulatur
1234 1961 1258 2000 ,
1300 1905 1397 1979 ibi
1464 1926 1704 2008 partes

238 2003 547 2079 oratoris
593 2002 732 2077 effe
759 2002 1138 2100 praecipuas
1174 2005 1204 2079 ἓ

316 2101 774 2200 Fueruntque
804 2101 950 2174 haec
971 2152 996 2187 ,
1023 2119 1099 2175 ut
1132 2102 1396 2179 Cicero
1428 2105 1711 2203 apertis·
1771 2137 1792 2181 3
1822 2120 1907 2172 De
1932 2121 2082 2196 Orat,-

233 2201 406 2274 fime
457 2198 729 2297 colligit
765 2253 789 2290 ‚
846 2202 1438 2297 quemadmodum
1467 2202 1709 2298 'juncta
1739 2193 1968 2313 {{‚’{²3’1
2033 2190 2086 2298 Ξ,

232 2298 495 2373 ηειωτὲι
527 2353 552 2390 ,
588 2298 678 2370 fic
726 2297 958 2371 officio
987 2325 1276 2398 quoque
1311 2303 1639 2398 copulata
1688 2332 1707 2378 ε
1748 2330 1867 2378 107·
1899 2317 2009 2364 ¹08·
2035 2316 2084 2361 ὅ·

232 2416 329 2470 ut
374 2396 602 2465 iidem
642 2393 974 2490 sapientes
1029 2415 1244 2496 atque
1296 2399 1714 2495 eloquentes
1750 2396 1856 2432 ¹²²·
1900 2394 2014 2437 ¹²³·

236 2490 701 2568 haberentur.
731 2492 933 2567 Scidit
967 2493 1223 2569 deinde
1261 2493 1332 2567 se
1360 2493 1654 2568 studium
1687 2552 1719 2591 ,

237 2609 472 2691 atque
507 2588 752 2665 inerti&
775 2592 1028 2666 facium
1063 2593 1202 2686 est,
1244 2609 1326 2666 ut
1357 2609 1548 2667 artes
1574 2596 1715 2672 effe

234 2691 481 2792 plures
525 2689 956 2766 viderentur.
1005 2691 1188 2764 Nam
1226 2748 1248 2784 ,
1291 2709 1371 2765 ut
1402 2692 1744 2793 primum¹

234 2794 471 2891 lingua
518 2787 657 2864 effe
716 2788 934 2885 coepit
975 2788 1048 2861 in
1090 2789 1392 2888 quaestu,
1445 2792 1748 2879 institu-,

233 2892 530 2988 tumque
587 2885 1013 2985 eloquentiae
1064 2886 1269 2961 bonis
1321 2890 1504 2964 male
1535 2894 1637 2987 uti
1682 2948 1712 2985 ,

232 3012 476 3065 curam
493 3008 809 3074 morum,
831 2984 950 3083 qui
972 2984 1208 3058 diserti
1230 2987 1665 3075 habebantur
1679 3046 1705 3084 ‚

234 3086 698 3189 reliquerunt.
733 3085 838 3161 Ea
870 3084 1055 3164 vero
1099 3084 1425 3194 destitute
1454 3138 1479 3178 ‚
1526 3084 1713 3185 infir„-e

1229 3189 1303 3277 ,A
1338 3207 1411 3282 n]
