2200 3784
277 145 407 229 DE
450 155 992 217 mmmmm:
1022 140 1494 221 ORAromsJ
1570 162 1669 225 ’.κ

184 256 396 331 tionis
418 251 672 334 modo,
697 252 816 328 sed
838 253 998 329 usfis
1017 278 1303 353 quoque
1331 255 1431 328 est
1459 283 1478 329 ε
1500 278 1674 354 quo·

186 356 380 427 niam
408 352 783 451 sequentia
805 352 1100 426 intuenti
1127 407 1149 442 ,
1179 352 1678 450 prioradicen-

186 454 288 525 da
330 451 482 524 sunt
515 477 542 539 3
597 451 679 521 &
707 503 731 542 ‚
784 450 980 548 quod
1012 449 1487 525 difficillimum
1518 453 1617 528 est
1642 505 1673 540 ‚

188 549 568 628 dividenda
591 549 901 623 intentio
925 547 1184 636 animi,
1208 565 1288 623 ut
1322 549 1513 623 aliud
1537 575 1672 633 vo-,

187 674 271 725 ce
299 703 321 740 ,
373 647 574 720 aliud
603 647 828 724 oculis
859 664 1132 745 agatur.

280 747 462 819 sslud
503 768 651 818 non
691 745 1067 844 poenitebit
1113 771 1277 821 cura
1295 745 1391 820 ss'e
1426 800 1451 839 ‚
1511 748 1671 823 cum

142 860 147 869 '
191 843 493 919 scribere
516 845 811 917 nomina
827 869 1003 943 puer
1029 843 1670 944 (quemadmodum

162 943 408 1018 'moris
439 942 597 1043 est)
650 941 950 1041 coeperit
969 997 992 1034 ,
1020 968 1111 1016 ne
1145 944 1325 1016 hanc
1376 968 1670 1042 operam

192 1040 264 1113 in
288 1040 672 1120 vocabulis
704 1041 1105 1140 vulgaribus
1142 1097 1165 1135 ‚
1210 1044 1288 1116 &
1313 1040 1497 1115 forte
1541 1068 1669 1117 oc·-

197 1139 671 1232 currentibus,
699 1141 973 1240 perdat.
999 1139 1320 1213 Protinus
1336 1141 1521 1215 enim
1547 1166 1672 1240 po-

196 1238 325 1311 test
342 1238 1007 1336 interpretationem
1038 1238 1290 1338 linguae
1323 1238 1669 1315 'secretio-

194 1336 757 1438 ris,quas·Grae'ci
782 1360 812 1389 α
857 1338 1145 1427 γλώσσας
1177 1355 1468 1429 vocant,
1499 1337 1670 1411 dum

195 1435 381 1509 aliud
412 1435 648 1535 agitur
675 1492 698 1530 ‚
727 1436 1035 1513 ediscere
1064 1490 1089 1528 ,
1117 1435 1407 1507 &inter
1446 1433 1675 1532 prima

194 1535 552 1610 elementa
622 1534 956 1635 consequi
1004 1557 1160 1606 rem
1209 1530 1449 1630 postea
1501 1556 1673 1629 pro-

192 1634 436 1729 prium
458 1649 724 1729 tempus
760 1633 1331 1709 defideraturam.
1373 1631 1461 1702 Et
1491 1655 1671 1729 quo-

192 1731 397 1805 niam
427 1729 646 1804 adhuc
665 1730 847 1807 circa
875 1757 989 1806 res
1003 1749 1253 1804 tenues
1276 1738 1667 1816 moramur,

195 1828 246 1902 ii
298 1850 589 1928 quoque
632 1833 874 1909 versus
902 1832 1034 1930 qui
1079 1828 1171 1902 ad
1204 1828 1671 1903 imitationem

195 1926 545 2003 scribendi
605 1945 1092 2028 proponentur
1126 1979 1156 2015 ,
1206 1953 1352 2000 non
1391 1927 1666 2005 >otiosas
1741 1940 1760 1955 ²

198 2026 414 2100 velim
455 2027 1227 2120 sententiashabeant,
1265 2026 1383 2101 sed
1440 2027 1669 2102 hone-

192 2122 366 2197 stum
429 2125 694 2225 aliquid
747 2130 1137 2202 monenfeS.
1210 2125 1662 2222 Prosequitur

194 2222 345 2297 haec
390 2225 739 2299 memoria
780 2224 854 2297 in
892 2225 1313 2302 senectutem
1345 2279 1370 2316 ‚
1415 2225 1495 2297 &
1530 2224 1666 2298 im-

194 2321 421 2417 pressa
466 2323 704 2395 animo
746 2324 898 2397 rudi
937 2381 963 2416 ‚
1016 2323 1235 2422 usque
1288 2323 1380 2396 ad
1429 2346 1666 2397 mores

196 2418 560 2515 proficiet.
589 2421 813 2494 Etiam
850 2423 1027 2497 dicta
1068 2422 1424 2497 clarorum
1470 2418 1671 2493 viro-

200 2539 371 2587 rum
399 2566 420 2597 ,
477 2517 557 2588 &
617 2518 864 2595 eleetos
891 2578 916 2617 ‚
942 2547 1047 2598 ‘ex
1090 2516 1324 2616 poetis
1367 2514 1673 2590 maxime

201 2611 424 2708 (nam
478 2640 563 2689 ue
596 2641 842 2693 eorum
873 2618 1110 2718 parvis
1144 2614 1457 2716 cognitio
1507 2639 1673 2714 gra-

196 2712 346 2785 tior
379 2737 418 2786 e
490 2715 750 2816 )locos
785 2719 1089 2794 ediscere
1127 2716 1311 2788 inter
1332 2715 1552 2789 lusum
1583 2715 1673 2790 li·-

200 2829 338 2885 cet.
392 2814 581 2887 Nam
620 2817 925 2891 maxime
956 2812 1336 2891 necessaria
1365 2814 1463 2887 est
1508 2837 1665 2889 ora-

197 2909 338 2985 tori
378 2911 608 3015 (ficut
651 2914 780 2988 suo
829 2916 997 2993 loco
1049 2911 1280 2991 dicam
1323 2920 1668 3015 ),memo-
1714 2944 1825 3002 Lib.
1850 2964 2041 3017 ψεαρ.

260 3094 293 3124 a
306 3078 473 3130 Fabius
501 3079 605 3143 ipse
624 3075 909 3143 gloffiemata
929 3093 1075 3133 vocat
1094 3093 1237 3132 voces
1255 3076 1670 3131 minus,ufitatas=
1697 3029 1768 3109 2⁸-

200 3139 303 3189 hoc
313 3142 483 3197 eodem
503 3144 597 3194 lib.
618 3159 725 3208 cap.
751 3159 796 3206 ς.
1821 3160 1828 3167 ’
