<?xml version="1.0" encoding="UTF-8"?>
<!DOCTYPE html PUBLIC "-//W3C//DTD XHTML 1.0 Transitional//EN"
    "http://www.w3.org/TR/xhtml1/DTD/xhtml1-transitional.dtd">
<html xmlns="http://www.w3.org/1999/xhtml" xml:lang="en" lang="en">
 <head>
  <title>
</title>
<meta http-equiv="Content-Type" content="text/html;charset=utf-8" />
  <meta name='ocr-system' content='tesseract 3.04.00' />
  <meta name='ocr-capabilities' content='ocr_page ocr_carea ocr_par ocr_line ocrx_word'/>
</head>
<body>
  <div class='ocr_page' id='page_1' title='image "./marcifabiiquint00unkngoog_0508.png"; bbox 0 0 2200 3784; ppageno 0'>
   <div class='ocr_carea' id='block_1_1' title="bbox 545 156 1756 259">
    <p class='ocr_par' dir='ltr' id='par_1_1' title="bbox 545 0 2186 312">
     <span class='ocr_line' id='line_1_1' title="bbox 545 156 1756 259; baseline 0 -21"><span class='ocrx_word' id='word_1_1' title='bbox 545 162 693 259; x_wconf 80' lang='lat'><strong>426</strong></span> <span class='ocrx_word' id='word_1_2' title='bbox 843 160 1052 234; x_wconf 74' lang='lat' dir='ltr'><strong>Ltn.</strong></span> <span class='ocrx_word' id='word_1_3' title='bbox 1102 156 1250 234; x_wconf 77' lang='lat' dir='ltr'><strong>vt.</strong></span> <span class='ocrx_word' id='word_1_4' title='bbox 1308 156 1533 233; x_wconf 66' lang='lat' dir='ltr'><strong>cn.</strong></span> <span class='ocrx_word' id='word_1_5' title='bbox 1590 159 1756 238; x_wconf 85' lang='lat' dir='ltr'><strong>IV.·</strong></span> 
     </span>
    </p>
   </div>
   <div class='ocr_carea' id='block_1_2' title="bbox 543 274 2181 1348">
    <p class='ocr_par' dir='ltr' id='par_1_2' title="bbox 543 274 2181 1348">
     <span class='ocr_line' id='line_1_2' title="bbox 544 274 2149 375; baseline 0.001 -22"><span class='ocrx_word' id='word_1_6' title='bbox 544 282 674 374; x_wconf 83' lang='lat' dir='ltr'><strong>rii,</strong></span> <span class='ocrx_word' id='word_1_7' title='bbox 699 302 942 352; x_wconf 77' lang='lat' dir='ltr'><strong>manus</strong></span> <span class='ocrx_word' id='word_1_8' title='bbox 970 274 1583 375; x_wconf 84' lang='lat' dir='ltr'><strong>erigenda.Quare</strong></span> <span class='ocrx_word' id='word_1_9' title='bbox 1602 278 1782 350; x_wconf 66' lang='lat' dir='ltr'><strong>cum</strong></span> <span class='ocrx_word' id='word_1_10' title='bbox 1810 277 1897 351; x_wconf 86' lang='lat' dir='ltr'><strong>in</strong></span> <span class='ocrx_word' id='word_1_11' title='bbox 1916 299 2081 355; x_wconf 62' lang='lat' dir='ltr'><strong>oms</strong></span> <span class='ocrx_word' id='word_1_12' title='bbox 2142 279 2149 288; x_wconf 83' lang='lat'>&#39;</span> 
     </span>
     <span class='ocr_line' id='line_1_3' title="bbox 543 371 2076 476; baseline 0 -24"><span class='ocrx_word' id='word_1_13' title='bbox 543 380 620 452; x_wconf 88' lang='lat' dir='ltr'><strong>ni</strong></span> <span class='ocrx_word' id='word_1_14' title='bbox 647 394 848 476; x_wconf 85' lang='lat' dir='ltr'><strong>parte</strong></span> <span class='ocrx_word' id='word_1_15' title='bbox 873 373 1158 465; x_wconf 83' lang='lat' dir='ltr'><strong>huiusce</strong></span> <span class='ocrx_word' id='word_1_16' title='bbox 1184 371 1397 447; x_wconf 85' lang='lat' dir='ltr'><strong>officii</strong></span> <span class='ocrx_word' id='word_1_17' title='bbox 1418 373 1828 471; x_wconf 65' lang='lat' dir='ltr'><strong>plurimum</strong></span> <span class='ocrx_word' id='word_1_18' title='bbox 1846 373 2076 470; x_wconf 78' lang='lat' dir='ltr'><strong>facit,</strong></span> 
     </span>
     <span class='ocr_line' id='line_1_4' title="bbox 547 469 2145 569; baseline -0.001 -22"><span class='ocrx_word' id='word_1_19' title='bbox 547 493 738 550; x_wconf 85' lang='lat' dir='ltr'><strong>totas</strong></span> <span class='ocrx_word' id='word_1_20' title='bbox 772 496 914 544; x_wconf 89' lang='lat' dir='ltr'><strong>non</strong></span> <span class='ocrx_word' id='word_1_21' title='bbox 933 470 1308 569; x_wconf 85' lang='lat' dir='ltr'>diligenter</span> <span class='ocrx_word' id='word_1_22' title='bbox 1344 469 1571 543; x_wconf 77' lang='lat' dir='ltr'><strong>modo</strong></span> <span class='ocrx_word' id='word_1_23' title='bbox 1598 525 1625 563; x_wconf 85' lang='lat'><strong>,</strong></span> <span class='ocrx_word' id='word_1_24' title='bbox 1654 471 1796 544; x_wconf 87' lang='lat' dir='ltr'><strong>sed</strong></span> <span class='ocrx_word' id='word_1_25' title='bbox 1843 476 2074 549; x_wconf 85' lang='lat' dir='ltr'><strong>etiam</strong></span> <span class='ocrx_word' id='word_1_26' title='bbox 2136 483 2145 496; x_wconf 82' lang='lat'>¹</span> 
     </span>
     <span class='ocr_line' id='line_1_5' title="bbox 547 507 2161 668; baseline -0.001 -24"><span class='ocrx_word' id='word_1_27' title='bbox 547 568 987 645; x_wconf 78' lang='lat' dir='ltr'><strong>familiariter</strong></span> <span class='ocrx_word' id='word_1_28' title='bbox 1003 567 1201 641; x_wconf 77' lang='lat' dir='ltr'><strong>nofl&#39;e</strong></span> <span class='ocrx_word' id='word_1_29' title='bbox 1229 565 1465 642; x_wconf 83' lang='lat' dir='ltr'>causas</span> <span class='ocrx_word' id='word_1_30' title='bbox 1486 593 1514 655; x_wconf 80' lang='lat'>3</span> <span class='ocrx_word' id='word_1_31' title='bbox 1538 583 1706 641; x_wconf 88' lang='lat' dir='ltr'><strong>tum</strong></span> <span class='ocrx_word' id='word_1_32' title='bbox 1733 568 1815 641; x_wconf 89' lang='lat' dir='ltr'><strong>in</strong></span> <span class='ocrx_word' id='word_1_33' title='bbox 1850 572 2071 645; x_wconf 84' lang='lat' dir='ltr'><strong>alter·</strong></span> <span class='ocrx_word' id='word_1_34' title='bbox 2132 507 2161 668; x_wconf 59' lang='grc' dir='ltr'><strong>ι</strong></span> 
     </span>
     <span class='ocr_line' id='line_1_6' title="bbox 548 664 2145 759; baseline -0.001 -16"><span class='ocrx_word' id='word_1_35' title='bbox 548 666 834 743; x_wconf 85' lang='lat' dir='ltr'><strong>catione</strong></span> <span class='ocrx_word' id='word_1_36' title='bbox 867 664 1168 738; x_wconf 76' lang='lat' dir='ltr'><strong>maxime</strong></span> <span class='ocrx_word' id='word_1_37' title='bbox 1198 664 1667 737; x_wconf 84' lang='lat' dir='ltr'><strong>neceffarium</strong></span> <span class='ocrx_word' id='word_1_38' title='bbox 1692 666 1803 739; x_wconf 89' lang='lat' dir='ltr'><strong>est</strong></span> <span class='ocrx_word' id='word_1_39' title='bbox 1836 724 1868 759; x_wconf 88' lang='lat'>‚</span> <span class='ocrx_word' id='word_1_40' title='bbox 1913 693 2071 741; x_wconf 89' lang='lat' dir='ltr'><strong>om·</strong></span> <span class='ocrx_word' id='word_1_41' title='bbox 2136 673 2145 684; x_wconf 93' lang='lat'>&#39;</span> 
     </span>
     <span class='ocr_line' id='line_1_7' title="bbox 545 759 2067 862; baseline 0.003 -27"><span class='ocrx_word' id='word_1_42' title='bbox 545 764 746 846; x_wconf 84' lang='lat' dir='ltr'><strong>nium</strong></span> <span class='ocrx_word' id='word_1_43' title='bbox 796 762 1253 862; x_wconf 83' lang='lat' dir='ltr'><strong>personarum</strong></span> <span class='ocrx_word' id='word_1_44' title='bbox 1283 759 1307 853; x_wconf 70' lang='grc'><strong>’,</strong></span> <span class='ocrx_word' id='word_1_45' title='bbox 1354 761 2021 838; x_wconf 86' lang='lat' dir='ltr'><strong>instrumentorum</strong></span> <span class='ocrx_word' id='word_1_46' title='bbox 2044 821 2067 859; x_wconf 91' lang='lat'><strong>,</strong></span> 
     </span>
     <span class='ocr_line' id='line_1_8' title="bbox 551 857 2167 959; baseline 0.001 -23"><span class='ocrx_word' id='word_1_47' title='bbox 551 880 979 959; x_wconf 87' lang='lat' dir='ltr'><strong>temporum,</strong></span> <span class='ocrx_word' id='word_1_48' title='bbox 1000 860 1320 934; x_wconf 87' lang='lat' dir='ltr'><strong>locorum</strong></span> <span class='ocrx_word' id='word_1_49' title='bbox 1336 857 1602 932; x_wconf 87' lang='lat' dir='ltr'><strong>habere</strong></span> <span class='ocrx_word' id='word_1_50' title='bbox 1625 861 2021 939; x_wconf 86' lang='lat' dir='ltr'><strong>notitiam.</strong></span> <span class='ocrx_word' id='word_1_51' title='bbox 2048 917 2067 937; x_wconf 91' lang='lat'><strong>.</strong></span> <span class='ocrx_word' id='word_1_52' title='bbox 2158 895 2167 904; x_wconf 86' lang='lat'><strong>·</strong></span> 
     </span>
     <span class='ocr_line' id='line_1_9' title="bbox 591 954 2181 1052; baseline 0.001 -20"><span class='ocrx_word' id='word_1_53' title='bbox 591 995 598 1000; x_wconf 89' lang='lat'><strong>·</strong></span> <span class='ocrx_word' id='word_1_54' title='bbox 647 959 881 1032; x_wconf 87' lang='lat' dir='ltr'><strong>Bonus</strong></span> <span class='ocrx_word' id='word_1_55' title='bbox 911 957 1290 1031; x_wconf 78' lang='lat' dir='ltr'><strong>altercator</strong></span> <span class='ocrx_word' id='word_1_56' title='bbox 1306 954 1490 1031; x_wconf 85' lang='lat' dir='ltr'><strong>vitio</strong></span> <span class='ocrx_word' id='word_1_57' title='bbox 1510 955 1927 1032; x_wconf 87' lang='lat' dir='ltr'><strong>iracundiae</strong></span> <span class='ocrx_word' id='word_1_58' title='bbox 1958 986 2067 1034; x_wconf 88' lang='lat' dir='ltr'><strong>ca·</strong></span> <span class='ocrx_word' id='word_1_59' title='bbox 2160 1025 2181 1052; x_wconf 64' lang='lat'>,</span> 
     </span>
     <span class='ocr_line' id='line_1_10' title="bbox 551 1051 2064 1153; baseline 0.002 -25"><span class='ocrx_word' id='word_1_60' title='bbox 551 1075 723 1128; x_wconf 88' lang='lat' dir='ltr'><strong>reat.</strong></span> <span class='ocrx_word' id='word_1_61' title='bbox 750 1054 1003 1128; x_wconf 85' lang='lat' dir='ltr'><strong>Nullus</strong></span> <span class='ocrx_word' id='word_1_62' title='bbox 1027 1053 1220 1126; x_wconf 88' lang='lat' dir='ltr'><strong>enim</strong></span> <span class='ocrx_word' id='word_1_63' title='bbox 1259 1051 1520 1125; x_wconf 88' lang='lat' dir='ltr'><strong>rationi</strong></span> <span class='ocrx_word' id='word_1_64' title='bbox 1545 1055 1783 1153; x_wconf 89' lang='lat' dir='ltr'><strong>magis</strong></span> <span class='ocrx_word' id='word_1_65' title='bbox 1822 1058 2064 1131; x_wconf 86' lang='lat' dir='ltr'><strong>obstat</strong></span> 
     </span>
     <span class='ocr_line' id='line_1_11' title="bbox 550 1148 2067 1254; baseline -0.007 -30"><span class='ocrx_word' id='word_1_66' title='bbox 550 1149 834 1228; x_wconf 72' lang='lat' dir='ltr'><strong>affestus</strong></span> <span class='ocrx_word' id='word_1_67' title='bbox 855 1206 878 1244; x_wconf 86' lang='lat'><strong><em>‚</em></strong></span> <span class='ocrx_word' id='word_1_68' title='bbox 910 1155 988 1226; x_wconf 85' lang='lat'>&amp;</span> <span class='ocrx_word' id='word_1_69' title='bbox 1009 1149 1149 1223; x_wconf 88' lang='lat' dir='ltr'><strong>fert</strong></span> <span class='ocrx_word' id='word_1_70' title='bbox 1171 1167 1366 1224; x_wconf 83' lang='lat' dir='ltr'><strong>extra</strong></span> <span class='ocrx_word' id='word_1_71' title='bbox 1389 1148 1666 1223; x_wconf 86' lang='lat' dir='ltr'><strong>causam</strong></span> <span class='ocrx_word' id='word_1_72' title='bbox 1689 1205 1714 1240; x_wconf 86' lang='lat'>,</span> <span class='ocrx_word' id='word_1_73' title='bbox 1770 1157 1865 1228; x_wconf 71' lang='grc' dir='ltr'><strong>δε</strong></span> <span class='ocrx_word' id='word_1_74' title='bbox 1920 1158 2067 1254; x_wconf 73' lang='lat' dir='ltr'><strong>ple.</strong></span> 
     </span>
     <span class='ocr_line' id='line_1_12' title="bbox 554 1246 2173 1348; baseline 0.002 -26"><span class='ocrx_word' id='word_1_75' title='bbox 554 1248 850 1348; x_wconf 83' lang='lat' dir='ltr'><strong>rumque</strong></span> <span class='ocrx_word' id='word_1_76' title='bbox 904 1247 1247 1322; x_wconf 86' lang='lat' dir='ltr'><strong>deformia</strong></span> <span class='ocrx_word' id='word_1_77' title='bbox 1292 1246 1607 1322; x_wconf 82' lang='lat' dir='ltr'><strong>convitia</strong></span> <span class='ocrx_word' id='word_1_78' title='bbox 1652 1248 1923 1326; x_wconf 84' lang='lat' dir='ltr'><strong>facere</strong></span> <span class='ocrx_word' id='word_1_79' title='bbox 1982 1273 2063 1326; x_wconf 88' lang='lat' dir='ltr'><strong>ac</strong></span> <span class='ocrx_word' id='word_1_80' title='bbox 2150 1269 2173 1294; x_wconf 82' lang='lat'><strong>¹·</strong></span> 
     </span>
    </p>
   </div>
   <div class='ocr_carea' id='block_1_3' title="bbox 2166 319 2186 782">
    <p class='ocr_par' dir='ltr' id='par_1_3' title="bbox 2166 319 2186 782">
     <span class='ocr_line' id='line_1_13' title="bbox 2166 319 2186 782; baseline 0 3002"><span class='ocrx_word' id='word_1_81' title='bbox 2166 319 2186 782; x_wconf 95' lang='lat' dir='ltr'><strong> </strong></span> 
     </span>
    </p>
   </div>
   <div class='ocr_carea' id='block_1_4' title="bbox 2184 782 2186 1369">
    <p class='ocr_par' dir='ltr' id='par_1_4' title="bbox 2184 782 2186 1369">
     <span class='ocr_line' id='line_1_14' title="bbox 2184 782 2186 1369; baseline 0 0"><span class='ocrx_word' id='word_1_82' title='bbox 2184 782 2186 1369; x_wconf 95' lang='lat' dir='ltr'><strong> </strong></span> 
     </span>
    </p>
   </div>
   <div class='ocr_carea' id='block_1_5' title="bbox 212 1441 2056 1528">
    <p class='ocr_par' dir='ltr' id='par_1_5' title="bbox 212 1441 2056 1528">
     <span class='ocr_line' id='line_1_15' title="bbox 212 1441 2056 1528; baseline 0.004 -15"><span class='ocrx_word' id='word_1_83' title='bbox 212 1453 536 1506; x_wconf 66' lang='lat' dir='ltr'><strong>*mitat-Sic</strong></span> <span class='ocrx_word' id='word_1_84' title='bbox 557 1446 750 1517; x_wconf 89' lang='lat' dir='ltr'><strong>dices</strong></span> <span class='ocrx_word' id='word_1_85' title='bbox 783 1448 824 1483; x_wconf 39' lang='grc' dir='ltr'><strong><em>ἃ</em></strong></span> <span class='ocrx_word' id='word_1_86' title='bbox 859 1443 1128 1517; x_wconf 86' lang='lat' dir='ltr'><strong>incitat.</strong></span> <span class='ocrx_word' id='word_1_87' title='bbox 1165 1441 1428 1515; x_wconf 82' lang='lat' dir='ltr'><strong>Melior</strong></span> <span class='ocrx_word' id='word_1_88' title='bbox 1452 1442 1869 1516; x_wconf 84' lang='lat' dir='ltr'><strong>moderatio</strong></span> <span class='ocrx_word' id='word_1_89' title='bbox 1903 1500 1926 1528; x_wconf 91' lang='lat'>‚</span> <span class='ocrx_word' id='word_1_90' title='bbox 1971 1474 2056 1522; x_wconf 86' lang='lat' dir='ltr'><strong>ac</strong></span> 
     </span>
    </p>
   </div>
   <div class='ocr_carea' id='block_1_6' title="bbox 194 1516 476 1586">
    <p class='ocr_par' dir='ltr' id='par_1_6' title="bbox 194 1516 476 1586">
     <span class='ocr_line' id='line_1_16' title="bbox 194 1516 476 1586; baseline -0.011 -16"><span class='ocrx_word' id='word_1_91' title='bbox 194 1521 315 1586; x_wconf 76' lang='lat' dir='ltr'><strong>legit</strong></span> <span class='ocrx_word' id='word_1_92' title='bbox 352 1516 397 1567; x_wconf 94' lang='lat' dir='ltr'><em>P</em></span> <span class='ocrx_word' id='word_1_93' title='bbox 415 1517 476 1585; x_wconf 79' lang='lat' dir='ltr'><em>ff</em></span> 
     </span>
    </p>
   </div>
   <div class='ocr_carea' id='block_1_7' title="bbox 466 1537 2054 2119">
    <p class='ocr_par' dir='ltr' id='par_1_7' title="bbox 466 1537 2054 2119">
     <span class='ocr_line' id='line_1_17' title="bbox 466 1537 2054 1642; baseline 0.001 -27"><span class='ocrx_word' id='word_1_94' title='bbox 466 1537 539 1573; x_wconf 42' lang='grc' dir='ltr'><strong>δ’·</strong></span> <span class='ocrx_word' id='word_1_95' title='bbox 558 1568 845 1615; x_wconf 85' lang='lat' dir='ltr'><strong>nonnun</strong></span> <span class='ocrx_word' id='word_1_96' title='bbox 899 1550 1078 1613; x_wconf 78' lang='lat' dir='ltr'><strong>uam‘</strong></span> <span class='ocrx_word' id='word_1_97' title='bbox 1099 1537 1313 1611; x_wconf 85' lang='lat' dir='ltr'><strong>etiam</strong></span> <span class='ocrx_word' id='word_1_98' title='bbox 1363 1537 1726 1634; x_wconf 87' lang='lat' dir='ltr'><strong>patientia.-</strong></span> <span class='ocrx_word' id='word_1_99' title='bbox 1783 1542 2054 1642; x_wconf 86' lang='lat' dir='ltr'><strong>Neque</strong></span> 
     </span>
     <span class='ocr_line' id='line_1_18' title="bbox 561 1635 2051 1731; baseline 0.001 -18"><span class='ocrx_word' id='word_1_100' title='bbox 561 1642 747 1714; x_wconf 87' lang='lat' dir='ltr'><strong>enim</strong></span> <span class='ocrx_word' id='word_1_101' title='bbox 768 1663 844 1711; x_wconf 90' lang='lat' dir='ltr'><strong>re</strong></span> <span class='ocrx_word' id='word_1_102' title='bbox 881 1635 1131 1710; x_wconf 84' lang='lat' dir='ltr'><strong>utanda</strong></span> <span class='ocrx_word' id='word_1_103' title='bbox 1152 1636 1421 1706; x_wconf 69' lang='lat' dir='ltr'><strong>tanturn</strong></span> <span class='ocrx_word' id='word_1_104' title='bbox 1440 1660 1592 1731; x_wconf 81' lang='lat' dir='ltr'><strong>quae</strong></span> <span class='ocrx_word' id='word_1_105' title='bbox 1613 1636 1652 1707; x_wconf 82' lang='grc' dir='ltr'>ὲ</span> <span class='ocrx_word' id='word_1_106' title='bbox 1672 1640 2051 1714; x_wconf 87' lang='lat' dir='ltr'><strong>contrario</strong></span> 
     </span>
     <span class='ocr_line' id='line_1_19' title="bbox 560 1733 2047 1827; baseline 0.001 -18"><span class='ocrx_word' id='word_1_107' title='bbox 560 1737 886 1809; x_wconf 90' lang='lat' dir='ltr'><strong>dicuntur</strong></span> <span class='ocrx_word' id='word_1_108' title='bbox 904 1790 928 1827; x_wconf 84' lang='lat'><strong>,</strong></span> <span class='ocrx_word' id='word_1_109' title='bbox 948 1733 1066 1806; x_wconf 89' lang='lat' dir='ltr'><strong>sed</strong></span> <span class='ocrx_word' id='word_1_110' title='bbox 1081 1733 1591 1804; x_wconf 86' lang='lat' dir='ltr'><strong>contemnenda</strong></span> <span class='ocrx_word' id='word_1_111' title='bbox 1614 1786 1636 1822; x_wconf 84' lang='lat'>,</span> <span class='ocrx_word' id='word_1_112' title='bbox 1659 1733 2047 1826; x_wconf 84' lang='lat' dir='ltr'><strong>elevanda,</strong></span> 
     </span>
     <span class='ocr_line' id='line_1_20' title="bbox 560 1823 2047 1926; baseline 0.001 -19"><span class='ocrx_word' id='word_1_113' title='bbox 560 1832 852 1907; x_wconf 88' lang='lat' dir='ltr'><strong>ridenda</strong></span> <span class='ocrx_word' id='word_1_114' title='bbox 898 1832 1052 1904; x_wconf 88' lang='lat' dir='ltr'><strong>sunt</strong></span> <span class='ocrx_word' id='word_1_115' title='bbox 1084 1855 1109 1916; x_wconf 78' lang='lat'>3</span> <span class='ocrx_word' id='word_1_116' title='bbox 1161 1851 1292 1900; x_wconf 90' lang='lat' dir='ltr'><strong>nec</strong></span> <span class='ocrx_word' id='word_1_117' title='bbox 1341 1823 1634 1925; x_wconf 84' lang='lat' dir='ltr'>usquam</span> <span class='ocrx_word' id='word_1_118' title='bbox 1680 1830 1841 1926; x_wconf 87' lang='lat' dir='ltr'><strong>plus</strong></span> <span class='ocrx_word' id='word_1_119' title='bbox 1898 1834 2047 1909; x_wconf 88' lang='lat' dir='ltr'><strong>loci</strong></span> 
     </span>
     <span class='ocr_line' id='line_1_21' title="bbox 551 1923 2044 2026; baseline -0.001 -21"><span class='ocrx_word' id='word_1_120' title='bbox 551 1929 825 2026; x_wconf 82' lang='lat' dir='ltr'><strong>‘reperit</strong></span> <span class='ocrx_word' id='word_1_121' title='bbox 843 1923 1201 2001; x_wconf 88' lang='lat' dir='ltr'><strong>urbanitas</strong></span> <span class='ocrx_word' id='word_1_122' title='bbox 1226 1951 1245 1997; x_wconf 79' lang='lat' dir='ltr'><strong>t</strong></span> <span class='ocrx_word' id='word_1_123' title='bbox 1265 1941 1511 1996; x_wconf 89' lang='lat' dir='ltr'><strong>contra</strong></span> <span class='ocrx_word' id='word_1_124' title='bbox 1528 1926 1905 2003; x_wconf 88' lang='lat' dir='ltr'><strong>turbantes</strong></span> <span class='ocrx_word' id='word_1_125' title='bbox 1927 1955 2044 2004; x_wconf 83' lang='lat' dir='ltr'><strong>au-</strong></span> 
     </span>
     <span class='ocr_line' id='line_1_22' title="bbox 565 2019 2040 2119; baseline 0.001 -19"><span class='ocrx_word' id='word_1_126' title='bbox 565 2026 921 2114; x_wconf 59' lang='lat' dir='ltr'><strong>dendum,‘</strong></span> <span class='ocrx_word' id='word_1_127' title='bbox 955 2028 1033 2097; x_wconf 77' lang='grc' dir='ltr'><strong>δε</strong></span> <span class='ocrx_word' id='word_1_128' title='bbox 1073 2021 1526 2119; x_wconf 81' lang='lat' dir='ltr'><strong>impudentiae</strong></span> <span class='ocrx_word' id='word_1_129' title='bbox 1553 2019 1844 2099; x_wconf 90' lang='lat' dir='ltr'><strong>fortiter</strong></span> <span class='ocrx_word' id='word_1_130' title='bbox 1884 2031 2040 2102; x_wconf 85' lang='lat' dir='ltr'><strong>refi-</strong></span> 
     </span>
    </p>
   </div>
   <div class='ocr_carea' id='block_1_8' title="bbox 551 1344 2186 1770">
    <p class='ocr_par' dir='ltr' id='par_1_8' title="bbox 551 1344 2186 1770">
     <span class='ocr_line' id='line_1_23' title="bbox 551 1344 2186 1688; baseline 0 -266"><span class='ocrx_word' id='word_1_131' title='bbox 551 1371 811 1422; x_wconf 84' lang='lat' dir='ltr'><strong>meren</strong></span> <span class='ocrx_word' id='word_1_132' title='bbox 827 1345 1017 1445; x_wconf 87' lang='lat' dir='ltr'><strong>cogit</strong></span> <span class='ocrx_word' id='word_1_133' title='bbox 1040 1401 1063 1437; x_wconf 89' lang='lat'>‚</span> <span class='ocrx_word' id='word_1_134' title='bbox 1088 1350 1164 1420; x_wconf 89' lang='lat'>&amp;</span> <span class='ocrx_word' id='word_1_135' title='bbox 1192 1344 1375 1441; x_wconf 88' lang='lat' dir='ltr'><strong>ipsos</strong></span> <span class='ocrx_word' id='word_1_136' title='bbox 1395 1361 1922 1444; x_wconf 84' lang='lat' dir='ltr'><strong>nonnunquam</strong></span> <span class='ocrx_word' id='word_1_137' title='bbox 1954 1349 2060 1442; x_wconf 82' lang='lat' dir='ltr'><strong>ju·</strong></span> <span class='ocrx_word' id='word_1_138' title='bbox 2101 1381 2111 1386; x_wconf 90' lang='lat'><strong>·</strong></span> <span class='ocrx_word' id='word_1_139' title='bbox 2150 1357 2186 1688; x_wconf 31' lang='grc'><strong>’4</strong></span> 
     </span>
     <span class='ocr_line' id='line_1_24' title="bbox 2176 1707 2186 1770; baseline 0 0"><span class='ocrx_word' id='word_1_140' title='bbox 2176 1707 2186 1770; x_wconf 69' lang='lat' dir='ltr'><strong>l</strong></span> 
     </span>
    </p>
   </div>
   <div class='ocr_carea' id='block_1_9' title="bbox 541 2120 2186 2984">
    <p class='ocr_par' dir='ltr' id='par_1_9' title="bbox 541 2120 2186 2984">
     <span class='ocr_line' id='line_1_25' title="bbox 569 2120 2041 2220; baseline 0.003 -24"><span class='ocrx_word' id='word_1_141' title='bbox 569 2120 906 2196; x_wconf 88' lang='lat' dir='ltr'><strong>stendum.</strong></span> <span class='ocrx_word' id='word_1_142' title='bbox 939 2121 1112 2194; x_wconf 89' lang='lat' dir='ltr'><strong>Sunt</strong></span> <span class='ocrx_word' id='word_1_143' title='bbox 1130 2121 1318 2194; x_wconf 90' lang='lat' dir='ltr'><strong>enim</strong></span> <span class='ocrx_word' id='word_1_144' title='bbox 1341 2120 1626 2220; x_wconf 86' lang='lat' dir='ltr'><strong>quidam</strong></span> <span class='ocrx_word' id='word_1_145' title='bbox 1644 2125 1946 2219; x_wconf 81' lang='lat' dir='ltr'><strong>praeduri</strong></span> <span class='ocrx_word' id='word_1_146' title='bbox 1961 2128 2041 2200; x_wconf 79' lang='lat' dir='ltr'><strong>in</strong></span> 
     </span>
     <span class='ocr_line' id='line_1_26' title="bbox 557 2218 2171 2331; baseline -0.002 -34"><span class='ocrx_word' id='word_1_147' title='bbox 557 2221 710 2297; x_wconf 79' lang='lat' dir='ltr'><strong>‘hoc</strong></span> <span class='ocrx_word' id='word_1_148' title='bbox 736 2220 916 2311; x_wconf 79' lang='lat' dir='ltr'><strong>oriS‚</strong></span> <span class='ocrx_word' id='word_1_149' title='bbox 934 2238 1012 2294; x_wconf 91' lang='lat' dir='ltr'><strong>ut</strong></span> <span class='ocrx_word' id='word_1_150' title='bbox 1037 2218 1437 2316; x_wconf 84' lang='lat' dir='ltr'><strong>obstrepant</strong></span> <span class='ocrx_word' id='word_1_151' title='bbox 1462 2218 1728 2331; x_wconf 79' lang='lat' dir='ltr'><strong>ingenti</strong></span> <span class='ocrx_word' id='word_1_152' title='bbox 1768 2221 2040 2304; x_wconf 82' lang='lat' dir='ltr'><strong>clamo-</strong></span> <span class='ocrx_word' id='word_1_153' title='bbox 2158 2310 2171 2318; x_wconf 22' lang='grc' dir='ltr'><em>φ</em></span> 
     </span>
     <span class='ocr_line' id='line_1_27' title="bbox 569 2313 2040 2416; baseline 0 -22"><span class='ocrx_word' id='word_1_154' title='bbox 569 2346 652 2394; x_wconf 88' lang='lat' dir='ltr'><strong>re</strong></span> <span class='ocrx_word' id='word_1_155' title='bbox 684 2376 707 2412; x_wconf 93' lang='lat'>‚</span> <span class='ocrx_word' id='word_1_156' title='bbox 748 2324 826 2395; x_wconf 73' lang='grc' dir='ltr'><strong>δι</strong></span> <span class='ocrx_word' id='word_1_157' title='bbox 854 2318 1124 2392; x_wconf 86' lang='lat' dir='ltr'><strong>medios</strong></span> <span class='ocrx_word' id='word_1_158' title='bbox 1167 2315 1518 2388; x_wconf 85' lang='lat' dir='ltr'><strong>sermones</strong></span> <span class='ocrx_word' id='word_1_159' title='bbox 1544 2313 1992 2416; x_wconf 78' lang='lat' dir='ltr'><strong>intercipiant</strong></span> <span class='ocrx_word' id='word_1_160' title='bbox 2015 2377 2040 2414; x_wconf 89' lang='lat'>,</span> 
     </span>
     <span class='ocr_line' id='line_1_28' title="bbox 572 2411 2039 2513; baseline -0.001 -20"><span class='ocrx_word' id='word_1_161' title='bbox 572 2419 654 2493; x_wconf 76' lang='grc' dir='ltr'><strong>δι</strong></span> <span class='ocrx_word' id='word_1_162' title='bbox 685 2418 922 2491; x_wconf 88' lang='lat' dir='ltr'><strong>omnia</strong></span> <span class='ocrx_word' id='word_1_163' title='bbox 940 2414 1246 2489; x_wconf 89' lang='lat' dir='ltr'><strong>tumultu</strong></span> <span class='ocrx_word' id='word_1_164' title='bbox 1267 2411 1693 2485; x_wconf 84' lang='lat' dir='ltr'><strong>confundant</strong></span> <span class='ocrx_word' id='word_1_165' title='bbox 1718 2443 1737 2486; x_wconf 74' lang='grc' dir='ltr'><strong><em>ε</em></strong></span> <span class='ocrx_word' id='word_1_166' title='bbox 1762 2441 1945 2513; x_wconf 87' lang='lat' dir='ltr'><strong>quos</strong></span> <span class='ocrx_word' id='word_1_167' title='bbox 1965 2437 2039 2493; x_wconf 90' lang='lat' dir='ltr'><strong>ut</strong></span> 
     </span>
     <span class='ocr_line' id='line_1_29' title="bbox 541 2509 2167 2612; baseline 0 -22"><span class='ocrx_word' id='word_1_168' title='bbox 541 2541 715 2591; x_wconf 88' lang='lat' dir='ltr'><strong>-non</strong></span> <span class='ocrx_word' id='word_1_169' title='bbox 732 2514 1016 2602; x_wconf 85' lang='lat' dir='ltr'><strong>imitari,</strong></span> <span class='ocrx_word' id='word_1_170' title='bbox 1037 2512 1127 2583; x_wconf 81' lang='lat' dir='ltr'><strong>fic</strong></span> <span class='ocrx_word' id='word_1_171' title='bbox 1144 2509 1398 2582; x_wconf 87' lang='lat' dir='ltr'><strong>acriter</strong></span> <span class='ocrx_word' id='word_1_172' title='bbox 1413 2510 1816 2607; x_wconf 85' lang='lat' dir='ltr'><strong>propulsare</strong></span> <span class='ocrx_word' id='word_1_173' title='bbox 1830 2540 2043 2612; x_wconf 89' lang='lat' dir='ltr'><strong>opor·</strong></span> <span class='ocrx_word' id='word_1_174' title='bbox 2156 2523 2167 2534; x_wconf 86' lang='lat'><em>&#39;</em></span> 
     </span>
     <span class='ocr_line' id='line_1_30' title="bbox 571 2606 2186 2713; baseline 0 -28"><span class='ocrx_word' id='word_1_175' title='bbox 571 2613 780 2701; x_wconf 83' lang='lat' dir='ltr'><strong>tebit,</strong></span> <span class='ocrx_word' id='word_1_176' title='bbox 799 2615 875 2686; x_wconf 89' lang='lat'>&amp;</span> <span class='ocrx_word' id='word_1_177' title='bbox 898 2610 1204 2707; x_wconf 78' lang='lat' dir='ltr'><strong>ipsorum</strong></span> <span class='ocrx_word' id='word_1_178' title='bbox 1225 2606 1636 2702; x_wconf 79' lang='lat' dir='ltr'><strong>improbitas</strong></span> <span class='ocrx_word' id='word_1_179' title='bbox 1664 2616 2044 2688; x_wconf 86' lang='lat' dir='ltr'><strong>retunden-</strong></span> <span class='ocrx_word' id='word_1_180' title='bbox 2176 2665 2186 2713; x_wconf 69' lang='lat'><strong>⁴</strong></span> 
     </span>
     <span class='ocr_line' id='line_1_31' title="bbox 571 2704 2043 2806; baseline 0.001 -23"><span class='ocrx_word' id='word_1_181' title='bbox 571 2711 665 2783; x_wconf 90' lang='lat' dir='ltr'><strong>da</strong></span> <span class='ocrx_word' id='word_1_182' title='bbox 689 2736 713 2800; x_wconf 69' lang='grc' dir='ltr'><strong>ζ,</strong></span> <span class='ocrx_word' id='word_1_183' title='bbox 743 2711 822 2802; x_wconf 65' lang='grc' dir='ltr'><strong>βε</strong></span> <span class='ocrx_word' id='word_1_184' title='bbox 835 2707 1100 2804; x_wconf 85' lang='lat' dir='ltr'><strong>judices</strong></span> <span class='ocrx_word' id='word_1_185' title='bbox 1120 2704 1239 2778; x_wconf 88' lang='lat' dir='ltr'><strong>vel</strong></span> <span class='ocrx_word' id='word_1_186' title='bbox 1256 2704 1686 2803; x_wconf 66' lang='lat' dir='ltr'><strong>praefidentes</strong></span> <span class='ocrx_word' id='word_1_187' title='bbox 1703 2710 2043 2806; x_wconf 86' lang='lat' dir='ltr'><strong>magistra·</strong></span> 
     </span>
     <span class='ocr_line' id='line_1_32' title="bbox 573 2801 2185 2906; baseline -0.002 -24"><span class='ocrx_word' id='word_1_188' title='bbox 573 2827 688 2883; x_wconf 85' lang='lat' dir='ltr'><strong>tus</strong></span> <span class='ocrx_word' id='word_1_189' title='bbox 713 2803 1107 2906; x_wconf 86' lang='lat' dir='ltr'><strong>appellandi</strong></span> <span class='ocrx_word' id='word_1_190' title='bbox 1130 2801 1578 2897; x_wconf 84' lang='lat' dir='ltr'><strong>frequenter,</strong></span> <span class='ocrx_word' id='word_1_191' title='bbox 1607 2820 1684 2875; x_wconf 91' lang='lat' dir='ltr'><strong>ut</strong></span> <span class='ocrx_word' id='word_1_192' title='bbox 1707 2805 2044 2904; x_wconf 89' lang='lat' dir='ltr'><strong>loquendi</strong></span> <span class='ocrx_word' id='word_1_193' title='bbox 2156 2841 2185 2878; x_wconf 74' lang='grc'><strong>·,</strong></span> 
     </span>
     <span class='ocr_line' id='line_1_33' title="bbox 574 2897 2185 2984; baseline -0.002 0"><span class='ocrx_word' id='word_1_194' title='bbox 574 2906 770 2984; x_wconf 84' lang='lat' dir='ltr'><strong>vices</strong></span> <span class='ocrx_word' id='word_1_195' title='bbox 801 2904 1188 2980; x_wconf 88' lang='lat' dir='ltr'><strong>serventur.</strong></span> <span class='ocrx_word' id='word_1_196' title='bbox 1223 2897 1425 2972; x_wconf 80' lang='lat' dir='ltr'><strong>Nam·</strong></span> <span class='ocrx_word' id='word_1_197' title='bbox 1455 2920 1485 2951; x_wconf 64' lang='grc' dir='ltr'><em>α</em></span> <span class='ocrx_word' id='word_1_198' title='bbox 1536 2900 1635 2974; x_wconf 90' lang='lat' dir='ltr'><strong>est</strong></span> <span class='ocrx_word' id='word_1_199' title='bbox 1673 2926 1787 2978; x_wconf 88' lang='lat' dir='ltr'><strong>res</strong></span> <span class='ocrx_word' id='word_1_200' title='bbox 1837 2905 2046 2982; x_wconf 89' lang='lat' dir='ltr'><strong>animi</strong></span> <span class='ocrx_word' id='word_1_201' title='bbox 2184 2907 2185 2920; x_wconf 75' lang='grc'>’</span> 
     </span>
    </p>
   </div>
   <div class='ocr_carea' id='block_1_10' title="bbox 2183 1688 2186 2820">
    <p class='ocr_par' dir='ltr' id='par_1_10' title="bbox 2183 1688 2186 2820">
     <span class='ocr_line' id='line_1_34' title="bbox 2183 1688 2186 2820; baseline 0 0"><span class='ocrx_word' id='word_1_202' title='bbox 2183 1688 2186 2820; x_wconf 95' lang='lat' dir='ltr'><strong> </strong></span> 
     </span>
    </p>
   </div>
   <div class='ocr_carea' id='block_1_11' title="bbox 579 3055 1594 3198">
    <p class='ocr_par' dir='ltr' id='par_1_11' title="bbox 579 3055 1594 3198">
     <span class='ocr_line' id='line_1_35' title="bbox 634 3055 1594 3127; baseline -0.006 -11"><span class='ocrx_word' id='word_1_203' title='bbox 634 3086 665 3116; x_wconf 85' lang='grc' dir='ltr'><em>α</em></span> <span class='ocrx_word' id='word_1_204' title='bbox 697 3069 867 3115; x_wconf 82' lang='lat' dir='ltr'><strong>Nimia</strong></span> <span class='ocrx_word' id='word_1_205' title='bbox 923 3055 1022 3113; x_wconf 69' lang='lat' dir='ltr'><strong>baec</strong></span> <span class='ocrx_word' id='word_1_206' title='bbox 1059 3063 1292 3127; x_wconf 73' lang='lat' dir='ltr'><strong>patientia</strong></span> <span class='ocrx_word' id='word_1_207' title='bbox 1343 3062 1594 3114; x_wconf 73' lang='lat' dir='ltr'><strong>becillitas.</strong></span> 
     </span>
     <span class='ocr_line' id='line_1_36' title="bbox 579 3125 1511 3198; baseline -0.015 -16"><span class='ocrx_word' id='word_1_208' title='bbox 579 3134 795 3198; x_wconf 72' lang='lat' dir='ltr'><strong>probitas</strong></span> <span class='ocrx_word' id='word_1_209' title='bbox 821 3146 923 3181; x_wconf 89' lang='lat' dir='ltr'><strong>non</strong></span> <span class='ocrx_word' id='word_1_210' title='bbox 943 3127 1007 3179; x_wconf 89' lang='lat' dir='ltr'><strong>est</strong></span> <span class='ocrx_word' id='word_1_211' title='bbox 1026 3164 1045 3192; x_wconf 86' lang='lat'><em>‚</em></span> <span class='ocrx_word' id='word_1_212' title='bbox 1089 3125 1169 3177; x_wconf 78' lang='lat' dir='ltr'><strong>sed</strong></span> <span class='ocrx_word' id='word_1_213' title='bbox 1199 3130 1291 3175; x_wconf 86' lang='lat' dir='ltr'><strong>im·</strong></span> <span class='ocrx_word' id='word_1_214' title='bbox 1311 3146 1325 3190; x_wconf 61' lang='lat' dir='ltr'><em>g</em></span> <span class='ocrx_word' id='word_1_215' title='bbox 1510 3151 1511 3154; x_wconf 58' lang='lat'><em>=</em></span> 
     </span>
    </p>
   </div>
   <div class='ocr_carea' id='block_1_12' title="bbox 2183 1688 2186 3399">
    <p class='ocr_par' dir='ltr' id='par_1_12' title="bbox 2183 1688 2186 3399">
     <span class='ocr_line' id='line_1_37' title="bbox 2183 1688 2186 3399; baseline 0 0"><span class='ocrx_word' id='word_1_216' title='bbox 2183 1688 2186 3399; x_wconf 95' lang='lat' dir='ltr'><strong> </strong></span> 
     </span>
    </p>
   </div>
  </div>
 </body>
</html>
