2200 3784
412 110 543 190 “AN
591 111 1089 191 RnEfomcE
1143 135 1274 190 su·
1321 106 1507 191 Ans.
1568 139 1696 217 151

226 227 517 308 ¹dicendi
573 232 989 308 exercitatio
1024 232 1339 331 potuerit
1383 249 1652 306 tantum
1678 287 1728 326 ,⁸-
1763 243 1771 254 “’

220 331 805 429 quantuscunque
847 330 1084 429 postea
1143 330 1276 407 fuit
1309 372 1358 425 ·,
1438 331 1705 406 feciffe.

216 428 413 499 Nam
454 426 527 500 id
564 429 1106 525 potentiffimum
1151 427 1453 503 discendi
1483 454 1724 528 genus,
1817 515 1822 521 ,

218 524 344 598 est.
378 522 518 598 Sed
541 528 620 598 &
642 527 1181 638 praestantiorem
1208 582 1233 620 ,
1251 526 1299 597 fi
1315 526 1655 601 didicisset
1674 577 1703 613 ,

217 619 540 696 futurum
560 623 756 698 fuiffe
773 625 1005 699 dicere
1027 623 1218 700 licet.
1242 625 1496 725 Neque
1515 625 1726 715 enim,

219 722 591 796 orationes
640 722 948 797 scribere
976 722 1074 796 est
1127 718 1328 796 ausus
1357 776 1383 814 ‚
1413 739 1491 794 ut
1540 728 1726 796 eum·

215 818 522 892 multum
538 819 828 896 valuiffe
860 821 933 893 in
955 820 1258 896 dicendo
1283 819 1603 911 sciamus·
1707 904 1716 911 ,

314 916 562 991 Altera
591 912 690 991 est
717 917 1063 1008 calumnia
1090 968 1121 1005 ,
1163 917 1423 994 nullam
1471 934 1716 1011 artem,

215 1013 400 1088 falfis
419 1014 717 1090 assentiri
744 1014 1194 1114 opinionibus
1213 1069 1238 1110 ,
1266 1015 1428 1116 quia
1454 1004 1720 1092 consti?

215 1113 334 1186 tui
363 1113 499 1188 fine
549 1114 1020 1213 praeceptione
1061 1139 1205 1205 non
1247 1115 1497 1213 possit,
1544 1141 1720 1214 quae·
1757 1128 1760 1133 ’

168 1278 173 1279 γ
216 1209 496 1310 semper
513 1237 686 1287 vera
703 1213 818 1287 fit:
838 1213 1243 1288 rhetoricen
1264 1213 1563 1288 affentiri
1581 1215 1702 1286 fal-

211 1307 304 1382 fis
332 1334 520 1384 :non
547 1310 684 1384 effe
719 1310 937 1409 igitur·
952 1328 1205 1383 artem.
1233 1313 1382 1407 Ego
1405 1310 1704 1383 rhetori-a

214 1430 361 1482 cen
375 1431 880 1504 nonnunquam
898 1406 1139 1476 dicere
1167 1404 1329 1477 falsa
1344 1422 1486 1502 'pro
1506 1405 1703 1481 veris

144 1507 153 1517 '
208 1505 618 1582 confitebor
639 1559 662 1596 ,
692 1501 811 1576 sed
834 1526 977 1591 non
1005 1499 1173 1577 ideo
1199 1500 1273 1573 in
1321 1500 1490 1575 falsa
1567 1526 1703 1577 uo-

205 1628 360 1704 que
383 1601 523 1675 effe
551 1601 883 1696 opinione
907 1599 1290 1691 concedam
1317 1599 1521 1700 :quia
1576 1624 1720 1696 one,

265 1700 306 1774 ὲ
335 1696 692 1773 diversum
721 1694 860 1791 est,
886 1697 1006 1771 fibi
1036 1695 1158 1795 ipfi
1197 1697 1369 1798 quid
1409 1698 1637 1775 videri
1668 1754 1695 1793 ,
1835 1782 1846 1794 ,

203 1727 297 1874 {c
324 1812 406 1872 ut
433 1795 552 1870 alii
572 1795 902 1873 videatur
935 1796 1239 1873 efficere.
1259 1797 1443 1871 Nam
1470 1798 1548 1872 &
1566 1797 1694 1890 im·
1724 1779 2077 1918 n'fg‘s‘gssffi‘

142 1952 149 1959 -
204 1902 506 2007 perator
530 1894 707 1969 falfis
733 1896 949 1969 utitur
972 1894 1196 1994 saepe:
1231 1912 1310 1970 ut
1339 1896 1691 1994 Annibal,
1817 1942 1838 1965 .

213 1993 703 2115 cumjnclusus
750 1995 792 2070 a
833 1994 1046 2069 Fabio
1075 2049 1099 2087 ,
1137 1994 1500 2071 sarmentis
1550 1997 1690 2073 cir-

210 2118 376 2182 cum
402 2119 667 2185 cornua
693 2094 913 2170 boum
935 2094 1255 2195 deligatis
1277 2150 1302 2187 ,
1359 2092 1711 2193 incensis·=
1816 2182 1822 2189 .

214 2218 353 2295 que
382 2248 406 2286 ,
445 2216 573 2293 per
610 2195 887 2269 noaem
924 2194 994 2268 in
1036 2191 1374 2271 adversos
1411 2212 1691 2270 montes

211 2316 424 2393 agens
457 2308 774 2365 armenta
793 2346 815 2383 ‚
837 2291 1140 2387 speciem
1160 2291 1342 2365 hosti
1366 2292 1691 2368 abeuntis

210 2388 566 2466 exercitus
586 2388 784 2460 dedit
807 2413 832 2473 ;
862 2388 980 2461 sed
1004 2387 1200 2461 illum
1226 2387 1470 2464 fefellit
1493 2418 1519 2481 3
1542 2391 1565 2462 i
1617 2390 1689 2466 se

175 2504 185 2513 ’
214 2485 388 2586 quid
415 2506 670 2560 verum
700 2484 870 2558 effet
886 2538 911 2576 ,
938 2508 1083 2558 non
1113 2485 1487 2586 ignoravit.
1601 2515 1686 2564 ec
1795 2514 1912 2571 ναι.
1933 2517 1971 2571 ι.
1997 2533 2060 2583 4.

160 2659 169 2665 ,
210 2580 906 2683 veroTheopompus
919 2584 1510 2681 Lacedaemonius,
1524 2590 1685 2663 cum
1718 2599 1761 2635 ⁶·
1811 2588 1863 2636 ὅ·
1915 2642 1928 2655 .«

206 2697 609 2785 permutato
630 2708 788 2757 cum
810 2707 1030 2757 uxore
1050 2682 1293 2757 habitu
1308 2683 1349 2758 ὲ
1371 2684 1684 2761 custodia
1753 2702 1756 2703 *

202 2799 285 2857 ut
311 2780 566 2880 mulier
607 2780 865 2873 evafit,
907 2781 1149 2856 falsam
1180 2781 1270 2857 de
1308 2782 1377 2858 se
1396 2783 1698 2883 opinio-5

204 2905 368 2955 nem
399 2879 648 2954 habuit
680 2934 707 2973 ,
753 2880 873 2953 sed
919 2879 1318 2956 custodibus
1356 2880 1679 2982 praebuit.

207 2980 387 3049 Item
410 2995 654 3051 orator
683 2978 842 3054 cum
865 2977 1033 3052 falso
1062 2979 1282 3052 utitur
1306 3003 1441 3076 pro
1467 3001 1681 3070 vero,

203 3072 332 3152 scit
352 3074 486 3150 effe
508 3074 750 3156 falsum
765 3131 793 3179 ,
813 3075 1047 3201 eoque
1073 3077 1301 3245 se-pg)
1318 3098 1507 3252 ἔξω
1528 3074 1632 3153 uti
1648 3101 1683 3181 3.
