2200 3784
474 120 578 182 '12
770 113 999 184 [ΑΒ.
1074 114 1130 185 1.
1224 111 1608 185 CAP01.

485 225 699 299 d'ubie
749 228 945 323 prior
999 228 1187 302 ratio
1214 229 1346 303 *est
1399 244 1438 303 ε’
1470 226 1660 303 reete
1720 240 1966 300 tamen

486 325 704 397 etiam
737 325 1139 423 loquantur.
1184 329 1332 400 Has
1376 328 1681 425 primum
1715 326 1975 398 audiet

485 446 662 518 puer
684 477 706 511 ‚
735 423 985 497 harum
1001 427 1225 499 verba
1252 427 1581 524 effingere
1602 423 1978 497 imitando

485 520 883 596 conabitur.
910 526 1000 595 Et
1016 514 1264 597 natura
1289 523 1699 597 tenaciflimi
1727 522 1980 595 sumus

484 642 737 693 eorum
763 640 917 719 quae
943 622 1228 695 rudibus
1248 623 1443 695 annis
1474 619 1920 720 percipimus
1952 670 1979 703 ‚

487 733 568 790 ut
593 716 794 814 sapor
823 718 967 817 quo
987 746 1183 795 nova
1205 721 1477 793 imbuas
1498 776 1521 813 ,
1540 720 1753 792 durat
1780 745 1806 807 3
1834 744 1981 794 nec

492 814 813 889 lanarum
842 818 1130 892 colores
1166 870 1189 913 ‚
1223 818 1476 918 quibus
1518 817 1815 913 fimpl‘ex
1846 816 1976 889 ille

489 914 762 987 candor
789 935 1094 991 mutatus
1148 917 1289 1009 est,
1321 916 1463 990 elui
1507 916 1819 1014 poffunt.
1884 916 1982 987 Et

434 1088 441 1091 ι
493 1013 643 1089 haec
682 1014 824 1111 ipsa
875 1016 1093 1115 magis
1147 1015 1594 1115 pertinaciter
1636 1016 1981 1105 haerent5

497 1137 656 1210 quae
686 1114 1041 1189 deteriora
1073 1116 1251 1192 sunt.
1304 1116 1373 1188 N
1377 1141 1502 1213 am·
1526 1114 1722 1187 bona
1758 1112 1980 1189 facile

496 1228 861 1285 mutantur
900 1213 972 1285 in
1022 1212 1220 1313 pejus
1259 1240 1279 1287 ε
1323 1240 1508 1289 nunc
1552 1212 1851 1312 quando
1905 1211 1983 1291 in

497 1308 769 1384 bonum
812 1314 1116 1388 verteris
1147 1311 1324 1388 vitia
1348 1316 1384 1389 ἓ
1423 1314 1591 1407 Non
1634 1309 1989 1387 affuescat

498 1431 715 1506 ergo,
752 1436 838 1485 ne
869 1411 1035 1483 dum
1065 1412 1288 1486 infans
1319 1412 1609 1513 quidem
1652 1412 1759 1488 est
1781 1466 1809 1507 ,
1833 1408 1995 1501 ser-2
2025 1467 2030 1471 .

497 1508 698 1580 moni
728 1508 850 1609 qui
884 1509 1336 1587 dediscendus
1362 1512 1465 1585 fit.
1508 1514 1514 1519 ’
1628 1578 1640 1587 .
1785 1574 1790 1577 .

599 1608 673 1678 ln
704 1609 1117 1705 parentibus
1146 1612 1325 1687 vero
1350 1612 1559 1710 quam
1586 1608 1992 1708 plurimum

492 1702 638 1781 'effe
662 1706 1076 1782 eruditionis
1096 1709 1526 1806 optaverim.
1548 1712 1835 1784 Verum
1853 1733 1990 1783 nec

483 1803 595 1885 „de
613 1803 926 1899 patribus
948 1807 1219 1880 tantum
1238 1806 1521 1905 loquor.
1549 1809 1746 1878 Nam
1766 1810 2002 1905 Gracc

503 1901 801 1974 chorum
842 1903 1276 2003 eloquentiae—
1304 1902 1598 1975 multum
1632 1902 1986 1979 contulis-

161 2043 464 2094 vaeme,
499 1998 570 2072 se
618 2001 1013 2098 accepimus‘
1063 2011 1100 2050 ⁴‘
1157 2000 1565 2076 Corneliam
1600 2016 1912 2075 matrem
1951 2055 1980 2095 ‚

127 2110 204 2185 lia,
249 2102 468 2183 “zlaelif‘
501 2095 697 2190 cujus
763 2099 1178 2173 doffiflimus
1238 2099 1475 2175 sermo
1523 2098 1597 2172 in
1647 2098 1986 2195 posteros

115 2174 235 2289 {⁹3²ss?
247 2171 469 2289 {2232
504 2220 792 2367 guoque
825 2196 922 2271 est
953 2198 1260 2296 epistolis
1290 2198 1610 2276 traditus.
1650 2200 1743 2272 Et
1786 2197 1983 2271 Laelii

126 2322 232 2354 2υ·
306 2342 321 2347 -
556 2295 648 2368 lia
700 2296 1063 2372 reddidiffe
1098 2298 1172 2371 in
1208 2294 1572 2399 loquendo
1609 2314 1985 2395 paternam

162 2432 187 2455 ψ
207 2427 472 2481 maehum
509 2395 989 2493 eloquentiam
1018 2397 1298 2474 dicitur.
1333 2400 1422 2470 Et
1447 2398 1487 2436 ⁴*
1520 2395 1771 2491 Quinti
1796 2396 1988 2467 Hor-

129 2489 397 2610 ''5130'2'3’22
411 2514 474 2592 ξ’·
511 2495 709 2572 tenfii
732 2494 886 2568 filiae
913 2498 1149 2570 oratio
1177 2497 1363 2595 apud
1380 2495 1830 2569 Triumviros
1858 2494 1986 2566 ha-

124 2573 278 2677 ffiax.
298 2579 474 2678 hadre.
513 2594 662 2668 bita
689 2593 941 2691 legitur
958 2649 981 2683 ‚
1017 2618 1164 2665 non
1179 2595 1450 2664 tantum
1474 2643 1503 2671 α
1533 2593 1602 2663 in
1621 2592 1823 2664 sexus
1849 2592 1985 2663 ho-

131 2701 179 2744 ³·
512 2715 786 2764 norem.
843 2691 997 2763 Nec
1040 2707 1277 2763 tamen
1308 2688 1405 2772 ii,
1437 2688 1687 2788 quibus
1712 2687 1996 2761 discere·

513 2788 669 2884 ipfis
693 2810 836 2858 non
864 2788 1161 2887 contigit
1179 2843 1202 2881 ,
1224 2786 1569 2867 minorem
1592 2809 1833 2885 curam
1859 2784 1989 2859 do·

515 2884 717 2960 cendi
744 2883 1004 2960 liberos
1028 2886 1367 2959 habeant:
1403 2886 1522 2959 sed
1541 2884 1668 2957 fint
1687 2898 1994 2982 propter

514 2986 651 3060 hoc
677 2982 897 3084 ipsum
928 2985 1016 3059 ad
1051 3002 1302 3061 caetera
1334 2984 1549 3089 magis
1585 2983 1992 3087 diligentes,

574 3144 608 3182 a
625 3132 743 3189 Quae
771 3127 928 3180 oratio
946 3129 1084 3198 poffit
1104 3125 1192 3183 effe
1222 3129 1403 3183 honori
1422 3126 1571 3180 etiam
1599 3128 1740 3193 vixis.

474 3230 505 3274 h
