2200 3784
424 140 566 240 ¹38.
665 142 876 237 Lm.
959 140 1056 212 11.
1117 140 1343 213 CAP.
1412 137 1679 231 xvh·

686 334 749 407 C
799 334 864 406 A
913 332 966 404 P
1014 334 1087 408 U
1130 331 1198 406 T
1350 332 1520 409 XV
1558 336 1615 407 Ι.

409 514 876 593 Rl-:FUTAns
915 527 1309 586 AuoRuM
1355 531 1833 601 §Em-Eurus
1863 531 1900 602 3

383 608 390 618 '
506 610 719 684 docet
741 606 1200 685 Rhetoricam
1225 608 1361 682 effe
1383 609 1746 684 scientiam
1761 612 1898 688 be-

506 734 599 783 ne
618 707 896 786 dicendi
914 736 941 798 3
971 708 1121 807 ejus
1140 707 1352 780 finem
1369 762 1393 802 ,
1406 707 1595 803 bene
1618 709 1897 790 dicere.

629 889 826 961 NTE
849 888 1085 962 omnia
1106 945 1130 985 ,
1171 889 1341 988 quid
1377 886 1458 961 fit
1486 887 1842 964 rhetorice
1865 917 1889 963 ε

636 1011 794 1085 quae
850 988 1084 1061 finitur
1137 988 1421 1086 quidem
1472 987 1670 1061 varie
1688 1045 1711 1079 ‚
1767 986 1896 1060 sed

464 1082 865 1161 uaestionem
894 1087 1109 1159 habet
1128 1084 1524 1178 duplicem:
1559 1104 1681 1160 aut
1704 1085 1894 1160 enim
1960 1152 1965 1155 .

409 1109 503 1257 ge
530 1204 558 1232 α
582 1183 928 1283 ([ιιειΙίτειτειἱ
960 1184 1164 1283 ips-ius
1189 1184 1337 1278 rei,
1371 1200 1492 1256 aut
1525 1184 1611 1257 de
1645 1194 1671 1243 h
1699 1178 1900 1261 com'-

409 1282 869 1380 prehenfione
919 1283 1309 1358 verborum
1382 1281 1694 1357 diffenfio
1765 1279 1893 1359 est..

413 1380 645 1454 Prima
708 1406 792 1454 ac
845 1380 1193 1481 praecipua
1241 1380 1648 1479 opinionum
1696 1377 1891 1453 circa

412 1477 556 1554 hoc
595 1480 985 1553 differentia
1014 1534 1036 1571 ,
1080 1479 1278 1578 quod
1316 1479 1431 1552 alii
1461 1479 1683 1551 malos
1708 1501 1898 1574 quo-

414 1600 557 1672 que
608 1577 806 1653 viros
836 1577 1030 1674 poffe
1062 1594 1386 1669 oratores
1432 1576 1570 1650 dici
1601 1590 1847 1674 putant
1869 1602 1892 1649 z
1944 1590 1960 1601 '

416 1671 535 1745 alii
608 1694 911 1772 quorum
928 1699 1058 1747 nos
1074 1674 1436 1748 sententiae
1461 1673 1895 1774 accedimus)

414 1794 514 1864 ηρ
619 1856 642 1889 ἱ
725 1771 865 1844 hoc
890 1825 917 1865 ‚
965 1770 1332 1870 artemque
1355 1773 1445 1845 de
1489 1798 1629 1871 qua
1665 1769 1898 1873 loquiv-

418 1888 577 1941 mur
659 1928 662 1929 γ
712 1868 868 1942 onis
897 1869 1181 1942 demum
1207 1867 1418 1963 tribui
1442 1872 1727 1945 volunt.

516 1966 591 2056 Q
686 1980 923 2054 autem
946 1963 1223 2035 dicendi
1246 1962 1656 2035 facultatem
1683 1966 1722 2036 ὲ
1745 1982 1903 2040 ητα-ι’

418 2060 574 2159 jore
591 2084 673 2137 ac
704 2060 921 2158 magis
948 2059 1348 2182 exoetenda
1374 2057 1540 2134 vitae
1563 2059 1770 2136 laude
1793 2060 1902 2134 se-

420 2160 777 2238 cernunt..
796 2216 814 2235 .
834 2158 912 2232 hi
936 2159 1084 2234 fere
1121 2158 1338 2232 autin
1364 2157 1853 2258 persuadendo
1870 2216 1898 2255 ,

421 2258 645 2336 autin
672 2258 971 2336 dicendo
1013 2257 1322 2359 appofite
1360 2257 1450 2334 ad
1476 2257 1901 2358 persuaden-

424 2359 596 2434 dum
612 2416 634 2454 ,
661 2360 962 2459 pofitum
986 2358 1236 2434 orandi
1252 2383 1503 2433 munus
1528 2357 1682 2432 sunt
1699 2357 1898 2432 arbi-

422 2458 611 2534 trati.
638 2461 713 2533 Id
737 2460 923 2535 enim
946 2459 1093 2536 fieri
1114 2459 1343 2561 potest
1366 2459 1455 2532 ab
1474 2483 1566 2543 eo
1586 2475 1905 2557 quoque,·

425 2559 549 2658 qui
596 2559 712 2634 vir
758 2559 985 2632 bonus
1033 2582 1179 2630 non
1216 2558 1319 2630 fit.
1368 2557 1481 2631 Est
1515 2556 1720 2655 igitur
1761 2553 1907 2629 fre-

479 2654 904 2727 uentiffimus
925 2655 1123 2726 ‘'finis
1147 2654 1542 2726 rhetorices
1568 2707 1593 2743 ‚
1614 2652 1725 2728 vis
1746 2673 1903 2750 per-

425 2681 783 2824 ?uadendi.
819 2752 988 2825 Haec
1011 2749 1256 2849 opinio
1290 2749 1629 2848 originem
1650 2747 1738 2821 ab
1765 2746 1904 2819 Iso-

430 2846 623 2922 crate
641 2860 669 2937 (
687 2849 738 2922 fi
759 2865 994 2923 tamen
1011 2874 1085 2924 re
1109 2872 1285 2924 vera
1299 2872 1408 2921 ars
1429 2872 1585 2962 quae
1613 2845 1905 2920 circum-

430 2942 701 3034 fertur,
727 2945 875 3045 ejus
893 2948 1044 3052 est)
1079 2946 1299 3027 duxit.
1329 2947 1480 3041 Qui
1510 2947 1671 3024 cum
1692 2944 1903 3046 longe

495 3085 528 3114 α
560 3073 691 3118 Bona
715 3084 774 3117 ne
802 3067 856 3119 fit
876 3101 894 3128 ,
914 3085 975 3117 an
992 3068 1138 3118 mala.
1194 3066 1319 3117 finiri
1349 3065 1535 3117 debeat.

494 3128 524 3180 b
547 3135 846 3192 Quibusnam
880 3134 1032 3189 verbis
1061 3132 1138 3184 de-
1256 3150 1283 3183 c
1297 3131 1548 3185 Definitio.
1631 3198 1637 3209 ,

1164 3218 1200 3278 N
