2200 3784
414 88 588 166 ΠΕ
688 90 1461 167 IN'ERUDI'TIS.
1573 117 1709 191 131¹

182 217 413 284 mam
462 196 733 283 dicendi
800 205 1052 282 fortius
1125 226 1465 308 quaerunt.
1523 213 1713 286 Nam

192 312 302 383 &
344 307 649 383 clamant
695 305 1009 406 ubique,
1054 308 1135 382 &
1181 308 1421 383 omnia
1469 310 1716 385 levata

192 404 353 503 (ut
424 404 551 503 ipfi
604 409 932 508 vocant)
997 431 1209 479 manu
1272 408 1634 508 emugiunt
1676 460 1709 498 ‚

196 503 452 578 multo
492 502 798 578 discursu
824 560 848 597 ‚
889 504 1239 598 anhelitu,
1280 505 1651 601 jactatione
1677 563 1703 600 ‚

195 600 406 771 {estu
422 652 452 688 ,
476 618 677 675 motu
710 603 960 701 capitis
980 603 1316 680 furentes,
1382 607 1534 679 Jam
1558 605 1707 678 col-

241 699 444 775 ‘dere
494 725 788 795 marim,
818 718 1022 776 terrae
1059 704 1314 801 pedem
1328 702 1644 777 incutere
1674 760 1700 795 ,

200 797 446 873 femur
466 854 490 891 ,
511 801 750 897 pestus
779 853 797 885 ‚
832 799 1141 875 frontem
1168 802 1435 876 caedere
1476 827 1492 872 ε
1525 802 1698 875 mire

209 897 303 970 ad
331 897 682 994 pullatum
711 929 741 959 a
764 897 1104 975 circulum
1134 898 1339 974 facit:
1378 900 1536 972 cum
1578 900 1695 974 ille

210 994 583 1089 eruditu8‚
635 1013 718 1069 ut
767 997 842 1069 in
890 997 1216 1077 oratione
1259 999 1479 1071 multa
1524 997 1702 1070 sum-

210 1093 506 1170 mittere
526 1149 550 1186 ,
576 1094 855 1169 variare
876 1152 900 1189 ‚
931 1095 1296 1194 disponere
1318 1147 1344 1183 ,
1371 1095 1468 1169 ita
1491 1096 1703 1169 etia‘m

210 1190 292 1265 in
350 1193 872 1290 pronuntiando
918 1196 1118 1268 suum
1153 1194 1408 1292 cuique
1455 1219 1706 1267 eorum

267 1316 378 1363 uae
393 1290 607 1384 dicet,
624 1293 848 1368 colori
864 1293 1402 1370 accommodare
1423 1293 1462 1328 Τ
1480 1293 1708 1364 actum
1766 1315 1883 1365 *Ae
1908 1316 2071 1366 ionem

210 1315 391 1464 {iat
421 1416 439 1462 ε
477 1390 557 1462 &
574 1441 601 1477 ‚
627 1389 678 1462 fi
709 1390 878 1488 quid
910 1391 988 1461 fit
1030 1403 1372 1485 perpetua
1397 1387 1423 1435 ὅ
1469 1387 1710 1461 obser-

207 1486 514 1563 vatione
564 1486 894 1598 dignum,
946 1483 1302 1561 modestus
1335 1485 1415 1559 &
1448 1483 1595 1558 effe·
1626 1487 1706 1560 &

208 1582 459 1664 videri
495 1585 720 1658 maht.

315 1683 416 1754 At
444 1680 548 1754 illi
582 1681 762 1756 hanc
790 1678 938 1757 vim
971 1681 1327 1780 appellant
1350 1737 1373 1774 ,
1417 1705 1572 1781 quae
1610 1681 1751 1763 est..

215 1779 459 1881 potius
514 1778 857 1857 violentia
905 1807 925 1853 t
1002 1783 1163 1855 cum
1213 1779 1495 1854 interim
1559 1796 1733 1854 non·

217 1880 516 1971 afiores¹
548 1881 769 1954 modo
835 1878 1107 1978 aliquos
1163 1862 1488 1975 ihxseniss
1512 1938 1527 1963 ‚
1587 1872 1734 1955 sed'

217 1978 459 2091 (quod
481 1979 577 2054 est
606 1978 1413 2082 turpius)praecept0res
1444 1978 1703 2072 etiam,

107 2098 128 2113 ³
218 2101 342 2176 qui
408 2079 705 2155 brevem
775 2078 1053 2157 dicendi
1121 2077 1705 2153 exercitationem

214 2175 597 2269 consecuti,
615 2176 858 2250 omiffa
882 2179 1188 2269 ratione,
1209 2195 1287 2250 ut
1307 2177 1464 2249 tulit
1489 2175 1706 2275 impe-

218 2290 333 2348 tus
353 2330 377 2368 ‚
406 2275 642 2370 passim
660 2273 1211 2346 tumultuentur:
1238 2273 1501 2371 eosque
1532 2329 1553 2363 ‚
1579 2273 1705 2372 qui

214 2374 369 2469 plus
393 2369 691 2442 honoris
710 2368 924 2442 literis
947 2369 1347 2441 tribuerunt
1372 2424 1393 2459 ‚
1420 2374 1495 2443 &
1520 2372 1705 2465 inep·

221 2485 336 2538 tos
358 2469 490 2558 ,δε
537 2463 814 2560 jejunos
837 2518 861 2556 ‚
889 2468 968 2540 &
998 2464 1311 2562 trepidos
1338 2519 1361 2556 ,
1410 2470 1488 2539 &
1515 2465 1705 2537 infir-

219 2589 377 2638 mos
395 2616 420 2649 ,
444 2579 523 2637 ut
546 2563 884 2663 quodque
908 2566 1210 2640 verbum
1238 2563 1702 2638 contumelio·

218 2663 533 2738 fiffimum
562 2661 870 2739 occurrit
896 2718 920 2756 ,
958 2661 1342 2764 appellent.

270 2866 301 2898 ι
355 2850 429 2897 Sic
485 2846 752 2914 appellatur
788 2848 928 2898 turba
979 2846 1139 2913 quillo
1172 2848 1224 2896 in
1259 2846 1487 2913 Augusto.
1511 2846 1663 2900 Turn.

214 2929 275 2981 po
306 2911 374 2961 uli
410 2915 459 2960 δε
484 2928 705 2974 cotona·‚
735 2912 927 2978 pullatis
1041 2910 1069 2961 b
1097 2912 1143 2962 si
1179 2909 1301 2978 quid
1343 2910 1399 2963 fit
1466 2913 1564 2961 uod
1599 2927 1705 2975 per·

217 2992 274 3030 ve
316 2979 324 2987 “
361 2991 414 3026 ω
452 2980 643 3028 utentis.
681 2980 811 3027 Nam
854 2980 928 3027 his
980 2975 1127 3042 petuo
1149 2976 1394 3027 observati
1417 2929 1478 3023 aff>
1511 2989 1703 3023 oratore

218 3037 416 3094 vestibus
433 3041 571 3105 plebs
594 3047 813 3093 Romana
831 3059 928 3093 ute-
980 3047 1029 3091 ὅ(
1053 3039 1281 3092 custodiri
1307 3039 1476 3088 debeat
1492 3076 1510 3103 ,
1538 3037 1590 3086 Μ
1608 3033 1703 3088 effe

221 3110 354 3159 batur
370 3140 387 3168 ,
408 3120 459 3155 ut
477 3120 672 3171 apparet
692 3123 748 3157 ex
769 3113 929 3159 Tran-
978 3105 1269 3159 modestiam
1284 3102 1452 3172 malit..

1296 3167 1456 3255 Fv1
