2200 3784
499 104 1031 193 PRAEFA
1053 107 1321 200 TIO'.
1482 117 1654 203 xh'i‘

168 252 331 344 que
357 221 1332 342 offendunt,amputanda
1346 149 1664 341 censui}

168 339 348 458 ipso
370 410 393 446 ‚
435 343 525 424 ni
571 338 815 423 fallor
845 408 873 444 ‚
922 370 1091 425 non
1142 341 1660 451 vehementer
1741 356 1744 357 *

170 455 630 575 refragante
675 455 955 540 Fabio.
1018 457 1392 544 Pluribus
1429 463 1655 546 enim

173 571 372 657 locis
386 572 789 656 admonet
804 601 973 654 non
989 567 1146 655 effe
1166 599 1290 658 tot
1309 602 1655 693 praecep-

177 689 269 771 tis
288 686 771 773 obruendos
793 692 1119 799 juvenes
1140 756 1164 792 ‚
1187 690 1662 797 nedifficul-2

177 827 335 887 tate
360 799 896 886 institutionis
923 827 1094 885 tam
1118 803 1382 919 longae
1406 830 1651 922 atque

172 916 570 1034 perplexae
585 916 1164 1022 deterreantur,
1177 929 1256 1003 &
1272 948 1439 1034 quo
1454 947 1657 1023 tem-

177 1062 375 1147 pore
408 1029 812 1147 praecipue
843 1030 1136 1116 alenda
1167 1034 1493 1150 ingenia
1523 1064 1652 1123 at·-

237 1178 340 1247 ue
357 1146 549 1232 indu
559 1144 865 1261 Rgentia
887 1147 1238 1262 quadam
1252 1154 1654 1236 enutrien-

174 1177 284 1346 Ha'
316 1258 515 1346 sunt
538 1329 562 1367 ,
597 1258 1086 1376 asperiorum
1132 1265 1476 1350 tracQatu
1521 1298 1647 1351 rea-

172 1408 355 1462 rum
376 1404 857 1463 atterantur.
880 1376 1155 1493 Eligat
1174 1379 1435 1492 itaque
1459 1382 1661 1480 (hoc

174 1492 465 1610 ipsein
512 1491 665 1576 alia
696 1524 779 1576 re
821 1491 1155 1589 suadet)
1174 1492 1482 1605 peritus
1526 1494 1666 1576 ille

163 1636 603 1724 praeceptor
626 1639 717 1688 ex
740 1604 1095 1690 omnibus
1131 1606 1447 1721 optima.

298 1724 513 1807 Non
534 1752 742 1807 eram
765 1720 1078 1806 nescius
1096 1790 1121 1828 ‚
1148 1721 1333 1806 cnm
1350 1722 1436 1807 id
1453 1751 1662 1837 opus

170 1835 583 1956 uggreffus
611 1835 791 1922 sum
814 1898 844 1937 ‚
888 1836 1059 1922 fore
1104 1865 1197 1922 ut
1234 1837 1365 1921 hic
1398 1835 1661 1921 noster

182 1954 410 2040 labor
441 1957 532 2037 in
562 1957 817 2039 varias
850 1951 1487 2068 reprehensiones
1517 1954 1656 2040 in.-

179 2096 567 2162 curreret„
585 2067 1113 2175 'Quibusdam
1144 2071 1360 2154 enim
1382 2139 1403 2174 ,
1446 2080 1530 2156 &
1557 2071 1659 2155 iis

176 2186 667 2300 plerumque
709 2182 1058 2267 maxime
1110 2188 1488 2290 eruditis»,
1523 2214 1655 2272 to·-

175 2328 362 2386 tum
388 2302 552 2381 hoc
579 2296 714 2380 dis
704 2298 945 2414 plicet
962 2300 1327 2384 anastores
1356 2301 1658 2385 edendi

174 2443 478 2529 genuS,
503 2442 668 2524 quo
686 2413 989 2528 aliquid
1008 2442 1107 2497 ex
1126 2445 1412 2497 eorum
1428 2415 1661 2526 scrip·
1721 2443 1727 2449 ·

177 2531 292 2613 tis
326 2526 726 2621 reciditur.
751 2531 1052 2642 Neque
1073 2528 1154 2612 hi
1184 2525 1371 2612 sane
1395 2595 1419 2633 ,
1458 2527 1661 2613 dum
1707 2546 1711 2551 ’

177 2644 296 2726 ita
322 2638 687 2729 sentiunt
712 2712 736 2749 ‚
771 2647 1078 2729 ratione
1095 2640 1412 2760 prorsus
1432 2654 1514 2729 &
1542 2650 1659 2759 ju·

186 2757 398 2841 dicio
424 2786 732 2843 carent.
767 2756 1094 2844 Postulo
1124 2784 1398 2842 tamen
1432 2758 1532 2844 ab
1566 2761 1662 2845 iis
1695 2786 1714 2793 “
1789 2804 1794 2810 ·

182 2871 415 2958 enixe
443 2942 467 2979 ‚
507 2873 773 2990 prime)
795 2942 816 2977 ,
846 2873 1070 2989 quod
1087 2876 1486 2988 aequitatis
1505 2873 1657 2979 est,

178 3018 287 3071 ne
313 3020 446 3073 me
473 2989 934 3074 inauditum
962 2991 1394 3074 damnent:
1429 3016 1607 3072 tum
1629 3054 1660 3093 ‚

181 3103 413 3215 quod
457 3106 641 3189 erit.
664 3134 948 3188 eorum
974 3104 1527 3191 ,humanitatis
1575 3113 1660 3188 δε

184 3214 776 3308 benevolentiae
807 3288 833 3328 ,
883 3245 976 3306 ut
1024 3216 1331 3305 etiamst
1384 3214 1662 3304 minius
