2200 3784
422 143 567 217 Da
613 142 884 217 Pano
913 155 1449 235 Minoum,
1562 166 1698 244 393

231 260 552 358 'criminis
578 261 681 335 sui
727 260 1122 360 ignorantia
1158 259 1394 358 potuit
1413 256 1550 340 effe
1578 256 1715 332 mi-‘

235 359 583 435 ferabiliS.
603 362 855 459 Neque
878 359 1073 457 illum
1095 410 1120 445 ‚
1151 359 1316 458 qui,
1345 360 1502 434 citm
1534 357 1706 432 effet
1780 363 1787 372 ’

234 478 573 556 cruentus
612 458 880 560 gladius
935 458 1085 547 eius
1134 460 1224 529 ab
1292 457 1715 531 accusatone
1774 549 1781 558 ⁴

231 559 748 656 prolatus‚quo
768 558 825 629 is
841 556 1201 628 hominem
1222 556 1565 653 probabat
1584 578 1712 628 oc-

232 653 453 728 cisum
471 713 494 748 ‚
518 654 754 731 subito
778 679 867 728 ex
894 651 1232 726 subselliis
1261 671 1339 725 ut
1365 654 1650 729 territus
1676 702 1709 739 ‚
1780 663 1786 670 '
1884 743 1893 750 ,

227 751 410 853 fugit
431 808 455 845 ,
480 758 559 830 δε
580 752 809 850 capite
829 775 916 824 ex
938 768 1134 849 parte
1152 753 1419 844 velam,
1445 753 1602 824 cum
1617 750 1713 824 ad

234 870 566 950 agentem
585 874 674 923 ex
695 847 898 923 turba
914 845 1392 947 prospexisset,
1412 850 1715 922 interro-

233 948 435 1049 ga'vit
460 975 547 1022 an
570 947 711 1041 jam
730 948 847 1020 ille
872 972 1029 1023 cum
1055 947 1291 1046 gladio
1322 947 1713 1023 receffiffet.
1786 950 1791 956 '

235 1047 432 1121 Fecit
477 1048 665 1122 enim
696 1046 905 1121 risum
938 1100 962 1137 ,
1016 1045 1133 1119 sed
1171 1045 1499 1121 ridiculus
1553 1043 1725 1119 fuit.'
1778 1059 1789 1074 ⁴

238 1144 721 1222 Discutiendae
751 1161 987 1218 tamen
1013 1144 1341 1220 oratione
1369 1143 1715 1238 hujusmo-
1780 1157 1789 1164 ‘

243 1245 317 1318 di
352 1241 592 1319 scenae.
618 1242 1051 1353 Egregieque
1079 1242 1342 1314 Cicero
1362 1245 1439 1317 ὅ(
1462 1260 1715 1316 contra

238 1342 618 1441 imaginem
642 1343 993 1413 Saturnini
1019 1363 1150 1437 pro
1169 1337 1461 1412 Rabirio
1486 1339 1720 1437 gravi·
1748 1387 1798 1419 n.
1816 1382 1906 1435 24·
1928 1368 1974 1421 a·
1994 1376 2090 1434 ²59.

244 1459 387 1530 ter,
417 1444 497 1514 δε
532 1456 780 1512 contra
800 1437 1132 1530 juvenem
1156 1492 1179 1527 ‚
1213 1434 1409 1533 cujus
1428 1436 1720 1515 subinde

248 1539 506 1612 vulnus
554 1537 628 1610 in
675 1535 942 1634 judicio
994 1535 1482 1610 resolvebatur
1512 1590 1538 1629 ,
1585 1559 1731 1634 pro

251 1638 543 1711 Vareno
584 1637 804 1710 multa
852 1633 1027 1708 dixit
1058 1633 1348 1710 urbane.
1436 1703 1443 1708 .
1710 1701 1718 1706 ,

341 1736 517 1808 Sunt
555 1738 634 1811 &
660 1735 762 1806 illi
787 1733 1093 1808 leniores
1123 1732 1426 1833 epilogi,
1462 1733 1721 1833 quibus

246 1832 653 1910 adversario
676 1832 1162 1922 satisfacimus,
1179 1832 1231 1904 fi
1252 1831 1440 1906 forte
1465 1834 1544 1906 sit
1561 1833 1717 1928 ejus

248 1933 544 2033 persona
571 1931 764 2023 taliS,
793 1949 871 2007 ut
895 1931 996 2005 illi
1014 1932 1356 2006 debeatur
1382 1956 1727 2007 reveren-

247 2032 344 2106 tia
375 2059 401 2120 ;
435 2048 554 2105 aut
575 2032 735 2107 cum
758 2029 983 2107 amice
1010 2030 1275 2143 aliquid
1300 2055 1718 2106 commone·
1785 2031 1795 2038 ”

243 2154 399 2206 mus
445 2185 470 2222 ,
525 2130 604 2203 &
670 2130 760 2204 ad
814 2131 1269 2206 concordiam
1322 2130 1718 2205 hortamur.

247 2230 469 2323 Quod
527 2228 627 2302 est
674 2251 891 2324 genus
947 2227 1227 2324 egregie
1257 2228 1626 2300 tractatum
1678 2227 1722 2299 a

244 2325 560 2399 Paffieno
601 2377 627 2413 ‚
688 2324 847 2396 clun
896 2322 1239 2394 Domitiae
1288 2324 1526 2396 uxoris
1583 2323 1727 2396 suar

248 2421 706 2522 pecuniarum
770 2420 968 2492 litem
1037 2420 1375 2494 adversus
1432 2419 1725 2495 fratrem

250 2520 399 2616 ejus
435 2518 913 2593 AEnobarbum
947 2537 1209 2617 ageret.
1233 2517 1419 2590 Nam
1452 2521 1609 2595 cum
1631 2518 1723 2593 de

251 2616 745 2694 neceffitudine
770 2615 991 2689 multa
1012 2615 1307 2706 dixiffet,
1327 2616 1418 2690 de
1439 2615 1728 2692 fortuna
1771 2655 1774 2659 “

250 2741 542 2817 quoque
568 2770 593 2807 ,
623 2739 764 2814 qua
805 2732 1108 2814 uterque
1133 2714 1531 2790 abundabat
1548 2773 1572 2807 ,
1598 2716 1727 2789 ad-

258 2816 470 2914 jecit:
495 2818 690 2887 Nilzil
717 2816 897 2890 vobis
945 2818 1160 2887 minus
1189 2816 1343 2917 deest
1368 2865 1388 2896 ,
1422 2813 1620 2911 qudm
1650 2817 1728 2888 de

450 2906 461 2916 0
1051 2910 1062 2920 ι

257 2942 383 3010 quo
403 2914 800 2987 contenditis.
1464 2979 1475 2994 ,

355 3014 624 3083 Omnes
657 3028 895 3084 autem
919 3010 1052 3083 hos
1081 3010 1362 3083 affe&us
1401 3064 1424 3100 ,
1468 3008 1731 3090 etiamsi

262 3103 1113 3212 quibusdamvidenturin
1137 3107 1497 3283 Ρτοοιεὶωίο
1512 3124 1731 3211 atque

1395 3231 1450 3306 V,
