2200 3784
538 132 693 208 DE
756 133 1354 210 Exest-1210.
1545 159 1766 235 ²¹9-

304 250 695 325 Vitandum
728 249 943 323 etiam
969 301 996 336 ,
1032 277 1127 324 ne
1162 252 1641 327 contumeliofi
1662 307 1693 347 ,

207 347 558 447 maligni,
600 347 925 446 superbi,
970 350 1295 422 maledici
1340 350 1414 422 in
1446 377 1697 448 quem-

206 472 430 545 ·quam
460 447 815 521 homine-m
843 445 1253 521 ordine'mve
1286 449 1694 539 videamur,

206 544 703 652 praecipueque
725 567 977 617 eorum
999 545 1120 642 qui
1140 540 1294 615 laedi
1310 546 1432 615 nis1
1449 547 1694 623 aversa

215 642 525 735 judicum
562 643 935 715 voluntate
981 666 1123 712 non
1156 641 1451 739 poffunt.
1508 644 1693 717 Nam

218 738 296 825 in
318 736 617 830 judicem
642 764 730 811 ne
763 738 928 836 quid
956 738 1228 811 dicatur
1252 792 1274 828 ‚
1311 764 1453 810 non
1473 742 1693 814 modo

200 836 207 840 ’
218 836 454 934 palam
479 890 503 927 ,
545 836 663 909 sed
696 838 885 933 quod
916 835 1204 917 omnino
1228 836 1516 933 intelligi
1547 836 1695 942 pos·

219 933 302 1006 fit
320 986 346 1026 ,
381 933 835 1006 stultum-erat
868 956 1156 1005 monere
1179 986 1203 1024 ‚
1237 933 1356 1004 nifi
1383 932 1607 1007 fieret.

306 1039 395 1105 ἰ.
450 1033 730 1103 ΕΤΙΑΜ
771 1031 981 1127 partis
1028 1030 1332 1106 adversae
1360 1048 1697 1128 patronus

208 1128 417 1203 dabit
444 1128 735 1202 exordio
770 1128 1182 1201 materiam:
1216 1127 1491 1202 interim
1532 1154 1694 1204 cum

220 1227 498 1299 honore
517 1281 541 1318 ,
564 1225 612 1298 fi
630 1225 1108 1324 eloquentiam
1129 1224 1275 1318 ejus
1305 1251 1386 1299 ac
1403 1226 1697 1322 gratiam

218 1347 353 1397 nos
406 1324 656 1398 timere
712 1322 1042 1419 fingendo
1075 1375 1098 1409 ,
1146 1337 1225 1392 ut
1271 1345 1354 1391 ea
1397 1323 1701 1417 suspe&a

178 1456 190 1463 ·
218 1420 347 1503 sint
373 1420 584 1513 iudici
602 1474 626 1511 ,
654 1418 1063 1492 fecerimus:
1091 1416 1368 1489 interim
1385 1442 1514 1512 per
1540 1440 1703 1489 con-

222 1518 592 1602 tumeliam
616 1571 641 1607 ,
682 1514 800 1587 sed
831 1515 969 1587 hoc
1003 1537 1341 1611 perquam
1372 1513 1531 1586 raro
1557 1565 1578 1597 ,
1617 1531 1697 1588 ut

220 1613 494 1700 Asinius
526 1637 656 1709 pro
685 1608 994 1683 Urbiniae
1022 1609 1408 1683 haeredibus
1443 1610 1698 1687 Labie-

216 1734 396 1785 ·num
440 1706 816 1783 adversarii
854 1724 1231 1876 patronum
1275 1707 1457 1782 inter
1492 1733 1701 1809 argu-

220 1823 463 1883 menta
492 1803 710 1893 causa:
736 1830 848 1879 ma
878 1831 934 1878 ae
959 1805 1214 1904 posuit.

321 1907 555 2004 Negat
586 1905 731 1980 haec
762 1904 895 1978 effe
934 1903 1283 2002 prooemia
1317 1905 1697 1982 Cornelius

226 2004 510 2096 Celsm,
548 2030 702 2103 quae
730 2003 855 2077 fint
884 2019 1078 2076 extra
1117 2003 1336 2077 litem.
1386 2004 1521 2078 Sed
1557 2030 1695 2104 ego

228 2104 384 2177 cum
424 2101 832 2175 auEtoritate
869 2102 1297 2175 summorum
1333 2103 1695 2179 auctorum

224 2198 443 2297 magis
469 2200 687 2272 ducor
704 2253 726 2289 ,
748 2216 897 2271 tum
927 2199 1276 2294 pertinere
1307 2199 1394 2269 ad
1421 2200 1697 2274 causam

227 2312 403 2394 puto
424 2349 448 2385 ,
487 2294 820 2392 quicquid
854 2296 943 2365 ad
966 2293 1317 2377 dicentem
1342 2294 1647 2389 pertinet
1668 2320 1697 2369 ε

226 2395 392 2468 cum
419 2390 497 2463 fit
523 2389 831 2460 naturale
849 2442 869 2472 ,
907 2404 984 2458 ut
1004 2386 1272 2479 judices
1295 2387 1377 2459 iis
1407 2414 1586 2484 quos
1616 2390 1701 2460 li-

228 2485 511 2562 bentius
557 2483 848 2557 audiunt
885 2536 909 2575 ,
965 2482 1233 2557 facilius
1280 2482 1493 2556 etiam
1546 2508 1702 2558 cre·

227 2586 423 2659 dant.
1101 2619 1114 2624 ·

228 2756 239 2767 ,
317 2706 386 2779 3.
434 2680 677 2759 Ipsms
719 2692 953 2752 autem
994 2674 1361 2775 litigatoris
1397 2678 1697 2775 person-a

221 2777 572 2865 ‚tractanda
599 2776 796 2851 varie
829 2775 949 2850 est.
999 2778 1186 2847 Nam
1218 2793 1366 2858 tum
1395 2776 1696 2875 dignitas

226 2876 377 2966 ej‘us
409 2877 744 2972 allegatur
771 2928 793 2964 ‚
837 2890 983 2945 tum
1023 2874 1556 2947 commendatur
1584 2877 1697 2947 in-

224 2972 513 3045 firmitas
545 2999 561 3043 :
599 2994 1097 3070 nonnunquam
1133 2971 1470 3068 contingit
1519 2972 1696 3043 rela-

227 3069 334 3143 tio
362 3068 764 3142 meritorum
783 3123 806 3162 ,
837 3068 923 3143 de
952 3067 1203 3166 quibus
1230 3068 1693 3234 veizeoundiim

1408 3188 1453 3259 ¹1
