2200 3784
579 155 1401 251 PRAEFATIO.
1624 190 1740 251 xv

222 276 677 364 Ciceronis
721 279 982 363 oratio
1020 277 1525 398 perlegatur?
1553 279 1735 393 Qui

238 420 637 511 poterunt
687 392 1240 480 adolescentes
1274 397 1413 483 fibi
1460 427 1734 515 parare
1833 500 1836 505 Ι

236 511 420 594 vim
458 520 546 596 &
579 510 904 626 copiam
931 509 1362 596 verborum
1385 513 1738 631 optimo-

234 654 432 710 rum
449 695 473 732 ,
513 626 741 710 unde
794 651 1187 742 tanquam
1207 626 1251 711 ὲ
1268 656 1483 744 penu
1505 638 1589 714 &
1608 659 1738 714 re-

235 740 511 939 1s>os1to
563 736 941 827 thesauro
1003 738 1331 829 sumant
1395 773 1578 861 quae
1630 742 1739 830 ad

281 856 773 942 cribendum
816 854 1239 942 neceffaria
1284 857 1476 944 sunt
1506 927 1532 966 ,
1587 854 1735 945 nifi

240 966 613 1058 lection'e
628 970 895 1058 multa
913 983 996 1060 &
1017 971 1307 1059 idonea
1324 970 1740 1091 copiosam

242 1087 394 1173 fibi
408 1086 998 1205 supellectilem
1020 1087 1544 1206 collegerint?
1560 1074 1742 1197 Qui

245 1230 649 1320 poterunt
679 1203 823 1289 fibi
856 1204 1028 1323 ipfis
1058 1202 1400 1290 induere
1431 1205 1741 1293 red'tam

244 1318 383 1404 elo
446 1320 747 1404 uentiae
792 1317 1140 1405 formam
1176 1384 1199 1427 ,
1246 1319 1392 1405 nifi
1441 1320 1742 1406 affidua

250 1350 797 1522 meditatione
833 1434 1433 1553 praestantiffimi
1468 1426 1746 1547 cujus·-

249 1578 417 1665 que
441 1546 842 1667 scriptoris
880 1548 1066 1635 suos
1087 1546 1534 1633 imbuerint
1561 1548 1743 1632 ani-

252 1693 445 1749 mos
470 1732 496 1771 ,
533 1675 612 1751 &
638 1667 828 1751 inde
847 1664 1066 1782 quafi
1088 1662 1450 1749 colorem
1475 1664 1737 1749 duxe-

255 1780 485 1864 rint?
537 1785 818 1895 Hujus
845 1808 1119 1868 autem
1146 1781 1232 1865 in
1261 1777 1608 1897 legendo
1642 1788 1730 1865 δε

256 1894 702 2010 judicando
725 1894 1066 1982 solertiae
1106 1897 1317 1981 inter
1350 1896 1733 2010 antiquos

249 2013 608 2129 optimus
666 2082 692 2120 ‚
761 2012 933 2099 imb
993 2017 1017 2111 (
1060 2008 1270 2134 pene
1319 2011 1739 2118 dixerim)

253 2129 538 2213 unicus
562 2125 951 2245 'magister
982 2128 1299 2216 Fabius,

342 2247 405 2328 P
429 2273 488 2329 R
509 2275 585 2330 Α.
604 2273 659 2329 c
677 2273 709 2328 1
729 2275 775 2329 Ρ
792 2272 848 2330 u
865 2270 921 2331 u
942 2275 1015 2332 M
1058 2245 1356 2362 quippe
1384 2241 1604 2330 illius
1635 2241 1725 2327 in
1773 2320 1784 2333 .
1812 2262 1861 2331 ’τ
1878 2250 2104 2305 ⁸³¹⁰¹ffl

1745 2334 1880 2369 timis
1942 2332 2108 2381 terne·-⁴

251 2355 690 2444 scribendis
729 2353 946 2444 hisce
984 2358 1206 2445 libris
1238 2419 1264 2458 ,
1321 2384 1725 2477 quantum
1748 2386 2038 2461 diisfcontta

251 2503 359 2561 ex
408 2499 591 2559 toto
645 2505 880 2595 opere
911 2475 1347 2589 conjicitur
1383 2531 1419 2573 ,
1471 2469 1729 2567 consx-
1743 2460 2052 2578 Efflffi

256 2590 469 2677 lium
495 2587 649 2677 fuit
680 2652 705 2692 ,
739 2619 835 2680 ut
862 2590 1226 2680 imbutos
1249 2594 1411 2707 jam
1439 2616 1729 2695 accor-
1747 2594 1855 2636 ²¹¹¹·

257 2731 534 2825 ruptos
565 2708 820 2825 pravis
845 2707 1164 2826 judiciis
1192 2702 1524 2795 suorum
1560 2708 1736 2794 ani-

257 2851 434 2909 mos
459 2884 483 2922 ‚
520 2820 939 2945 magisque
962 2853 1055 2908 ac
1077 2823 1332 2938 magis
1358 2821 1730 2941 quotidie

260 2935 308 3024 a
330 2937 554 3026 resta
578 2938 900 3026 dicendi
929 2940 1058 3025 via
1090 2937 1545 3027 aberrantes
1566 3006 1590 3042 ‚
1622 2935 1730 3023 ad

259 3055 678 3142 meliorem
698 3126 724 3164 ,
754 3083 849 3143 ut
869 3054 983 3141 ita
1006 3054 1269 3140 dicam
1298 3121 1322 3159 ‚
1351 3052 1666 3167 frugem
1696 3108 1755 3160 ,‚

260 3175 347 3262 δί
375 3169 478 3261 ad
501 3167 815 3262 saniora
835 3169 1162 3261 consilia
1191 3191 1628 3258 revocaret.
1719 3214 1728 3223 „
