2200 3784
5 3188 26 3537 i

504 133 1433 222 DaG'RA'MMATm‘A'.
1598 158 1703 238 ‘43

97 302 116 315 .
219 251 648 353 quamlibet,
673 252 819 327 haec
869 252 1247 331 invaserint
1296 255 1711 350 civitatem,

232 375 389 424 non
434 349 572 425 erit
610 350 1046 424 consuetudo
1081 404 1107 436 ,
1161 352 1331 449 quia
1358 355 1535 438 ,nihil
1586 355 1715 427 ho·-

241 473 399 520 rum
460 465 664 522 caret
732 447 1266 544 reprehenfione
1301 478 1325 538 ;
1394 469 1466 522 at
1519 452 1716 526 lava-

242 570 399 619 mur
423 601 448 636 ,
485 546 566 616 &
588 546 965 618 tondemur
993 600 1016 635 ‚
1045 547 1123 618 &
1152 548 1592 623 convivimus
1623 572 1713 637 ex
1794 548 1795 557 '

245 642 797 717 consuetudine:
850 642 939 715 fic
971 643 1043 715 in
1072 644 1429 741 loquendo
1447 701 1469 736 ‚
1497 672 1638 718 non
1666 645 1717 719 fi

248 740 411 839 quid
449 739 703 817 vitiose
737 740 972 813 multis
1017 741 1339 814 insederit
1364 799 1388 834 ‚
1424 770 1555 840 pro
1595 769 1715 818 re·-

245 838 403 936 gula
435 837 777 909 sermonis
810 837 1292 935 accipiendum
1335 841 1491 915 erit.
1528 840 1713 915 Nam

244 953 321 1009 ut
345 934 700 1007 transeam
727 935 1320 1041 quemadmodum
1347 939 1563 1036 vulgo
1594 939 1717 1013 im-

243 1033 450 1130 periti
466 1033 898 1131 loquuntur,
925 1051 1076 1107 tota
1095 1034 1270 1131 saepe
1294 1036 1563 1109 theatra
1583 1092 1607 1127 ,
1631 1041 1714 1115 δε

248 1154 531 1227 omnem
576 1130 750 1204 circi
791 1132 1066 1203 turbam
1114 1132 1518 1217 exclamasse
1559 1135 1716 1207 bar·

239 1227 410 1303 bare
450 1228 730 1301 scimus,
760 1230 946 1325 Ergo
977 1229 1550 1303 consuetudinem
1580 1231 1715 1304 ser»

236 1326 471 1417 monis
503 1378 528 1407 ‚
582 1325 869 1403 vocabo
933 1325 1339 1405 consensum
1404 1328 1718 1400 erudito-

235 1448 443 1499 tum:
476 1423 652 1497 ficut
690 1423 1031 1515 vivendi,
1071 1422 1478 1498 consensum
1496 1425 1720 1497 bono·

234 1544 459 1691 nugi.
492 1618 757 1691 NUNC
786 1672 811 1710 ,
846 1617 1180 1717 quoniam
1212 1616 1508 1690 diximus
1549 1602 1711 1715 qu'ae

235 1715 324 1792 fit
381 1716 710 1815 loquendi
770 1742 848 1789 re
947 1715 1078 1806 la,
1121 1715 1492 1789 dicendum
1555 1741 1710 1813 quae

241 1812 705 1891 scribentibus
752 1839 841 1887 cu
900 1814 1223 1889 odienda.
1267 1812 1488 1906 Quod
1523 1815 1714 1899 Gra·

239 1911 309 1987 ci
356 1914 737 2013 ὅρθογραφέαν
792 1930 1057 1988 vocant
1089 1965 1115 2003 ‚
1145 1935 1276 1985 nos
1315 1911 1501 1987 recte
1551 1911 1709 1999 scri,-

235 2008 453 2085 bendi
476 2010 832 2088 scientiam
860 2009 1324 2087 nominemus,
1355 2062 1373 2083 .
1409 2020 1469 2084 ⁴¹.
1508 2013 1705 2110 Ego,

235 2109 362 2181 nifi
399 2111 598 2208 quod
646 2110 1076 2187 consuetudo
1124 2106 1511 2183 obtinuerit
1541 2168 1561 2195 ,
1609 2108 1704 2186 fic

232 2204 678 2306 scribendum
707 2207 1010 2306 quicque
1041 2205 1279 2298 judico
1308 2260 1332 2298 ,
1357 2229 1504 2303 quo
1552 2230 1708 2281 rno-

239 2303 339 2377 do
418 2305 647 2377 sonat.
707 2304 840 2379 Hic
898 2303 1086 2385 enim
1132 2304 1290 2375 usus
1340 2303 1439 2383 est
1467 2303 1707 2378 litera-

236 2424 405 2472 rum
438 2454 464 2488 ‚
521 2417 603 2470 ut
648 2400 1028 2473 custodiant
1072 2423 1337 2489 voces„
1392 2401 1471 2470 δι
1504 2400 1707 2472 velut

241 2494 641 2592 depofitum
672 2498 960 2571 reddant
1002 2495 1416 2595 legentibus·
1459 2498 1707 2593 Itaque

235 2590 317 2665 id
343 2592 727 2690 exprimere
757 2596 1065 2690 debent,
1094 2592 1291 2693 quod
1320 2592 1564 2673 dicturi
1589 2593 1704 2691 su·-

237 2714 424 2766 mus·
871 2722 900 2741 ι·

288 2789 418 2861 Hae
433 2787 579 2865 fere
593 2792 749 2866 sunt
763 2790 1133 2867 emendate
1166 2787 1499 2888 loquendi
1536 2788 1702 2862 scri-

236 2884 898 2986 bendiquesspartes:
943 2891 1116 2962 duas
1150 2888 1451 2984 reliquas
1495 2886 1703 2984 figni-

235 2980 527 3057 ficanter
551 3039 575 3078 ,
608 2988 995 3084 ornateque
1019 2985 1335 3075 dicendi,
1352 3009 1494 3056 non
1509 2984 1704 3076 equi·

235 3076 391 3167 dem
433 3058 907 3182 grammaticis
959 3082 1274 3172 aufero;
1322 3080 1486 3174 sed,
1537 3080 1699 3154 cum
