2200 3784
548 137 628 215 D
673 158 726 216 ε
825 137 889 213 R
943 160 974 213 1
1026 160 1063 216 s
1120 158 1205 216 υ.
1488 153 1645 243 '407

125 258 342 355 εἰμες
367 309 393 349 ,
437 255 722 333 docent.
773 256 961 332 Nam
987 258 1168 356 pleri
1221 280 1311 331 ue
1338 256 1616 333 Demo-

127 354 365 430 stheni
388 353 795 431 facultatem
809 356 1015 454 hujus
1037 352 1153 431 rei'
1210 353 1448 431 efuiffe
1474 382 1635 433 cre-⁴

132 454 326 527 dunt
351 508 374 543 ,
408 454 738 530 Ciceroni
776 456 1089 529 modum.
1179 455 1335 530 Nec
1390 454 1635 532 videri*

125 551 389 652 potest⁴
422 552 715 629 noluiffe
774 554 1291 628 Demosthenes
1340 582 1358 629 ε
1421 553 1623 647 cuius

135 673 377 749 pauca
402 653 785 726 admodum
814 652 996 726 dicta
1013 705 1037 744 ‚
1062 676 1196 726 nec
1220 651 1382 724 sane
1412 671 1633 728 caete-

138 749 251 823 ris
305 750 455 846 ejus
501 751 880 826 virtutibus
914 750 1036 825 res
1075 748 1411 823 ondentia
1440 806 1463 843 ‚
1496 776 1627 849 pa-

138 846 294 921 lam
326 848 699 924 ostendunt
723 875 869 924 non
916 776 1330 948 disglicuiffe
1383 848 1483 921 illi
1526 847 1634 943 jo-
1700 845 1713 938 ἐ

145 969 286 1023 cos
315 1001 341 1038 ,
376 946 496 1021 sed
525 973 671 1022 non
699 947 1086 1049 contigiffe.
1106 947 1378 1028 Noster
1404 946 1586 1022 vero
1611 947 1729 1040 ,fr-'⁵⁵

147 1068 304 1119 non
346 1043 572 1120 solhm
622 1057 824 1123 extra
863 1047 1121 1142 judicia
1155 1102 1180 1140 ‚
1215 1046 1335 1120 sed
1377 1044 1449 1118 in
1479 1043 1641 1144 ipsis

93 1184 100 1188 ·
153 1143 378 1217 etiam
413 1145 849 1221 orationibus
872 1205 892 1233 ,
929 1147 1212 1220 habitus
1251 1143 1350 1222 est
1382 1144 1644 1217 nimius

155 1238 347 1315 risfis
376 1242 767 1321 affefflitor.

247 1339 430 1415 Mihi
463 1343 753 1441 quidem
780 1395 804 1434 ,
842 1341 987 1418 five
1015 1340 1087 1414 id
1121 1340 1303 1414 reste
1334 1337 1629 1434 judico,‘

156 1437 306 1513 five
334 1463 579 1514 amore
606 1439 992 1514 immodico
1018 1439 1352 1538 praecipui
1382 1439 1453 1511 in
1479 1438 1636 1513 elo-

216 1536 458 1610 uentia
490 1537 630 1614 viri
652 1538 909 1612 laboro
928 1597 953 1630 ‚
982 1538 1160 1610 mira
1188 1538 1508 1638 quaedam
1532 1538 1645 1611 vi-

214 1649 373 1706 etur
395 1634 469 1707 in
497 1661 590 1711 eo
611 1635 809 1710 fuiffe
838 1633 1228 1710 urbanitas,
1258 1637 1441 1710 Nam
1463 1638 1540 1709 &
1568 1635 1642 1707 in

165 1730 492 1808 sermone
517 1734 935 1835 quotidiano
953 1735 1173 1809 m'ulta
1194 1791 1216 1828 ,
1244 1738 1320 1811 &
1340 1735 1412 1807 in
1435 1733 1648 1807 alter-

168 1831 566 1907 nationibus
592 1891 616 1928 ,
641 1838 720 1910 &
759 1833 1278 1934 interrogandis
1300 1831 1586 1907 testibus
1608 1881 1661 1919 ,-

169 1928 374 2025 plura
445 1933 606 2006 uam
633 1932 998 2035 quisquam
1029 1933 1206 2007 dixit
1242 1932 1475 2008 facete
1508 1960 1526 2007 z
1560 1934 1641 2008 &

169 2027 291 2102 ina
317 1957 466 2129 ipgt
551 2057 658 2106 uae
685 2033 838 2107 sunt
877 2031 952 2105 in
978 2035 1277 2106 Verrem
1310 2032 1488 2108 dista
1515 2029 1642 2103 fri-
1659 2070 1710 2122 ς.
1730 2050 1877 2112 Vm.
1898 2069 2005 2104 ω.

220 2126 235 2141 ’
287 2127 392 2205 ihs
417 2183 446 2222 ‚
493 2155 533 2205 a
561 2132 642 2206 iis
672 2131 1039 2231 affignavit
1072 2185 1098 2222 ,
1132 2132 1212 2204 &
1258 2130 1643 2205 testimonii

198 2250 333 2304 oco
351 2227 581 2324 posuit
606 2255 632 2317 ;
658 2247 739 2302 ut
758 2283 781 2318 ,
805 2254 952 2338 quo
975 2228 1133 2300 sunt
1162 2230 1379 2327 magis
1403 2228 1648 2324 vulga-

172 2321 276 2395 ria
281 2346 404 2410 ,eo
428 2322 508 2395 fit
532 2324 936 2399 credibihus
952 2324 1070 2396 illa
1085 2325 1177 2397 ab
1199 2344 1485 2399 oratore
1504 2349 1650 2399 non

172 2418 323 2493 fista
350 2475 375 2514 ,
410 2419 528 2495 sed
551 2423 790 2523 paffim
821 2421 959 2497 effe
992 2421 1267 2519 jastata.
1303 2422 1645 2496 Utinam‘²

179 2517 488 2612 Quintus
514 2577 538 2614 ,
574 2524 653 2597 &
696 2521 985 2595 libertus
1024 2521 1179 2616 ejus
1206 2521 1414 2622 Tyro
1448 2576 1471 2613 ,
1515 2537 1639 2594 aut

182 2615 352 2692 alius
394 2619 558 2719 quis
597 2621 704 2694 uis
734 2620 868 2695 fuit
905 2648 924 2693 z
957 2620 1080 2721 qui
1109 2638 1254 2695 tres
1286 2622 1418 2696 hac
1445 2620 1533 2693 de
1561 2644 1639 2695 re
1734 2701 1737 2706 ⁴

181 2713 397 2792 libros
432 2719 545 2794 edi
597 2718 648 2794 ‘t
673 2773 699 2813 ‚
725 2719 999 2820 parciiss
1022 2719 1364 2796 distorum
1392 2743 1644 2793 nume-

242 2899 276 2932 α
293 2877 390 2931 Alii
418 2883 579 2950 legunt
607 2900 623 2933 e
664 2881 885 2936 Ueiadm.
936 2887 1126 2937 crebius
1148 2900 1313 2938 tamen
1330 2888 1403 2937 alt
1431 2880 1649 2935 nonnui-
1672 2903 1675 2908 ·

190 2966 275 3017 que
292 2946 492 2998 libertus
509 2947 607 3014 ejus
625 2945 819 3012 Tyro-T
858 2981 879 2991 -
937 2951 1010 3001 los
1043 2951 1310 3003 existimate
1350 2985 1369 3016 ,
1429 2949 1578 3000 libros
1615 2946 1648 2996 ὲ

189 3031 246 3065 to
263 3012 443 3064 ’rullius
479 3052 496 3076 ,
537 3018 782 3066 ciceronis
839 3018 884 3054 ’-
939 3020 1170 3068 Cicerone
1180 3018 1477 3081 conscriptos
1487 3007 1646 3063 fuisse·

191 3083 346 3132 bertus
378 3111 395 3135 ‚
431 3087 523 3128 tres
551 3080 698 3129 libros
735 3077 887 3128 edidit
944 3077 1097 3136 Tum.

197 3144 254 3196 de
270 3143 387 3213 jocis
420 3145 767 3205 Ciceronianiss
786 3149 889 3195 Ma-

33 3433 42 3550 l

37 3565 56 3759 i
439 3689 536 3758 k
