2200 3784
489 120 629 193 130
725 100 1096 172 L112.11.
1166 96 1397 169 CAP.
1483 95 1736 169 XIII-.-

477 213 602 288 est.
644 215 908 286 Verum
944 217 1023 287 &
1055 212 1221 307 raro
1250 210 1493 290 evenit
1515 248 1547 306 ‚·
1584 214 1666 288 &
1700 227 1981 293 caetera':

472 312 653 395 ‚vitia
688 335 832 383 non
861 310 1124 410 pensat.

572 410 874 505 Propter
937 412 1075 483 hoc
1123 434 1411 510 quoque
1453 407 1806 485 interdum
1844 408 1963 487 vi-

467 506 720 589 dentur
731 496 989 601 indoffi
1010 508 1291 608 copiam
1309 509 1715 606 habere'maj
1724 534 1967 602 orem,

462 605 663 702 quod
703 606 944 681 dicunt
979 608 1265 685 omnia:
1299 604 1514 681 doffis
1554 608 1654 682 est
1692 612 1774 684 δι
1817 607 1971 684 ele-

456 706 606 789 ,aio
643 709 721 780 &
747 708 1023 782 modus·
1280 780 1289 787 .
1432 735 1441 741 ’
1884 727 1892 735 “

564 807 692 879 His
758 808 1028 882 accedit
1080 807 1276 906 quod
1327 807 1370 880 a
1426 830 1595 881 cura
1641 804 1957 880 docendi

463 904 667 1006 quod
716 903 1144 981 intenderint
1181 962 1205 1000 ,
1262 905 1618 981 recedunt.
1696 907 1975 1002 Itaque.

464 1005 643 1085 illud
686 1004 1141 1101 quaestionum
1176 1010 1257 1080 &
1297 1019 1874 1104 argumentorum
1911 1020 1945 1051 ⁶

464 1103 658 1203 apud
690 1120 1023 1201 corrupta
1060 1103 1318 1200 judicia
1355 1103 1570 1201 frigus
1613 1102 1885 1178 evitant
1919 1112 1942 1159 ἓ

461 1204 774 1302 nihilque
803 1201 993 1275 aliud
1013 1201 1224 1302 quam
1243 1228 1389 1302 quo
1414 1201 1536 1279 vel
1556 1202 1789 1301 pravis
1811 1225 1945 1276 vo·

460 1301 847 1400 luptatibus
893 1327 1099 1377 aures
1151 1302 1596 1377 affistentium
1635 1297 1946 1400 permul!
2004 1314 2013 1329 ¹

460 1417 709 1495 ceant,
756 1417 1098 1499 quaerunt.
1203 1430 1208 1435 ·

483 1558 492 1579 .
558 1499 936 1576 Sententiae
976 1524 1266 1601 quoque
1304 1501 1505 1603 ipsae,
1548 1522 1722 1599 quas
1752 1496 1940 1570 solas

456 1615 708 1699 petunt
734 1653 759 1691 ,
808 1598 1028 1698 magis
1084 1600 1393 1675 eminent
1422 1657 1446 1694 ‚
1500 1600 1657 1674 cum
1694 1596 1938 1670 omnia

453 1698 645 1776 circa
660 1696 810 1771 illas
831 1696 1110 1772 sordida
1135 1700 1215 1772 &
1240 1700 1509 1796 abjecta
1527 1698 1653 1771 fint
1677 1726 1695 1771 :
1727 1714 1806 1770 ut
1822 1702 1935 1769 lu·-

452 1801 636 1870 mina
666 1826 799 1870 non
816 1800 980 1870 inter
995 1801 1249 1871 umbras
1277 1809 1308 1887 <
1336 1796 1932 1898 quemadmodum

454 1895 718 1972 Cicero
760 1896 981 1997 dicit)
1004 1901 1134 1992 sed
1153 1901 1358 1990 plane
1403 1902 1476 1968 in
1508 1898 1764 1966 tenebris
1793 1902 1937 1968 cla-

451 1997 810 2090 riomfimt.
838 1996 1082 2093 Itaque
1109 1993 1442 2093 ingenioli
1468 2006 1822 2078 vocentur
1846 2007 1929 2063 ut

450 2092 630 2168 libet
651 2148 676 2187 ,
709 2096 874 2168 dum
901 2109 1139 2169 tamen
1171 2091 1438 2168 constet
1464 2087 1931 2169 contumelio-

443 2190 523 2273 se
547 2192 637 2267 fic
671 2192 940 2268 laudari
971 2193 1326 2268 disertum.
1425 2227 1431 2236 ·

371 2296 412 2351 r*
487 2330 491 2335 ’
543 2292 1018 2377 Nihilominus
1058 2291 1534 2368 confitendum
1575 2291 1675 2366 est
1708 2292 1921 2368 etiam

347 2390 384 2463 ²:
447 2390 819 2471 detrahere
848 2391 1235 2468 dostrinam
1259 2393 1526 2494 aliquid
1545 2448 1562 2475 ‚
1587 2409 1664 2464 ut
1690 2393 1943 2469 limam.

444 2491 739 2564 rudibus
762 2545 785 2580 ,
816 2492 895 2562 &
939 2510 1141 2566 cotes
1176 2493 1547 2567 hebetibus
1577 2542 1597 2572 ‚
1642 2492 1721 2562 &
1752 2493 1924 2569 vino

339 2614 372 2651 κ
441 2587 907 2672 vetustatem3
956 2588 1073 2660 sed
1112 2589 1284 2663 vitia
1316 2588 1671 2660 detrahit:
1703 2607 1920 2686 atque

303 2684 350 2769 ,Χ
442 2704 534 2750 eo
566 2681 720 2752 solo
756 2682 978 2753 minus
1011 2675 1109 2753 est
1132 2733 1149 2762 ,
1180 2684 1375 2779 quod
1409 2683 1626 2755 literae
1653 2709 1936 2783 perpo-·

437 2773 737 2868 fierunt,
780 2803 924 2876 quo
970 2778 1247 2852 melius.

525 2876 794 2950 Verum
810 2875 883 2948 hi
901 2876 1470 2976 pronuntiatione
1486 2905 1778 2981 quoque
1804 2880 1913 2956 fa-

501 3059 533 3090 a
577 3041 770 3091 Evitant
796 3040 1073 3107 quaestiones
1100 3046 1148 3092 &
1201 3059 1450 3110 corruptos
1499 3044 1695 3109 Iudices
1742 3046 1917 3113 frigida

439 3119 719 3172 argumenta
758 3138 777 3168 ‚
844 3124 949 3175 quae
1021 3107 1153 3175 apud
1203 3107 1438 3175 ridentur.

1456 3211 1471 3227 Ι

1270 3398 1311 3447 β
