2200 3784
359 145 498 219 DE
534 157 1079 217 EDchTmNE
1131 143 1602 223 ORA‘Toms.
1655 148 1753 249 ‘1'5

266 262 626 365 loquendi
641 261 920 336 ratione
939 263 1207 362 pertina
1215 244 1475 338 ciffime
1481 263 1758 340 durant.

258 365 449 437 ‘Non
492 361 710 461 longe
738 362 978 462 itaque
1011 361 1258 435 Latina
1280 361 1603 462 subsequi
1635 362 1763 437 de-

28 542 35 555 }
155 472 161 476 ·
260 464 485 554 ,belm
506 463 589 534 &
610 460 756 537 εἰτὸ
778 461 1040 574 pariter
1055 459 1183 545 ire.
1210 464 1312 546 Ita
1338 460 1762 555 fiet‚ut‚chm

274 560 542 661 aequali
580 584 751 636 cura
796 560 1101 661 linguam
1151 575 1529 658 utramque
1576 558 1761 634 tueri

275 660 715 758 coeperimus
746 711 770 750 ‚
797 674 1046 732 neutra
1086 652 1291 732 alieri
1329 657 1612 733 officiat.

304 788 313 797 ·
362 762 497 831 IV.
541 758 947 850 QUIDAM
1004 756 1226 838 literis
1247 755 1762 850 ‘instituendOS‚

270 857 405 957 qui
432 855 749 929 minores
781 855 1046 954 septem
1090 855 1288 929 annis
1320 855 1536 930 effent
1558 909 1581 946 ,
1609 879 1763 928 non

277 970 719 1070 putaverunt
745 1009 768 1047 ,
804 954 999 1052 qubd
1038 953 1157 1026 illa
1205 953 1430 1053 prima
1476 969 1642 1026 aetas
1686 958 1759 1024 ὃς

266 1053 719 1127 ιιιτεΙΙεὲὶιιιῑι
771 1051 1286 1152 disciplinarum
1334 1076 1588 1150 capere
1618 1107 1641 1143 ‚
1682 1053 1763 1126 δε

285 1151 606 1225 laborem
647 1153 796 1250 pati
835 1177 980 1224 non
1027 1150 1253 1250 poflit.
1307 1153 1384 1222 In
1420 1176 1561 1250 qua
1605 1149 1762 1224 sen·-

282 1250 513 1325 tentia
536 1248 920 1325 Hefiodum
950 1250 1087 1325 effe
1118 1248 1402 1349 plurimi
1429 1249 1715 1322 tradunt
1737 1303 1762 1339 ‚

336 1349 412 1424 ui
444 1368 610 1424 ante
637 1349 1196 1424 Grammaticum
1231 1347 1766 1445 Aristophanem

280 1373 610 1523 suerunt.
627 1448 813 1521 Nam
843 1446 901 1520 is
919 1446 1190 1547 primus
1228 1466 1258 1494 a
1289 1445 1609 1522 ὑποθήκας
1639 1497 1662 1535 ,
1690 1440 1766 1514 in

287 1572 442 1646 quo
470 1547 652 1620 libro
684 1545 1021 1644 scriptum
1036 1546 1183 1618 hoc
1213 1540 1575 1619 invenitur
1594 1596 1617 1634 ,
1651 1564 1769 1614 ne-

294 1644 499 1744 gavit
524 1644 653 1719 effe
670 1643 874 1741 hujus
897 1659 1155 1744 poetae.
1183 1641 1322 1717 Sed
1342 1639 1457 1714 alii
1478 1661 1766 1740 quoque

290 1743 620 1818 auiiores
645 1799 668 1837 ‚
715 1743 902 1818 inter
949 1767 1130 1843 quos
1198 1738 1693 1814 Eratosthenes
1737 1791 1764 1830 ,

291 1843 483 1918 idem
505 1860 1011 1943 praeceperunt.
1043 1840 1302 1915 Melius
1335 1856 1573 1916 autem
1594 1893 1617 1931 ,
1645 1836 1767 1937 qui

287 1940 560 2015 nullum
608 1959 892 2039 tempus„
933 1965 1197 2030 vacare
1232 1938 1402 2014 cura
1444 1938 1703 2016 volunt
1735 1989 1763 2030 ,

288 2058 371 2114 ut
398 2040 838 2142 Chrysippus
878 2068 896 2114 z
928 2065 1087 2114 nam
1122 2040 1186 2113 is
1213 2094 1236 2132 ,
1280 2037 1601 2139 quamvis
1632 2060 1766 2109 nu-

287 2139 581 2214 tricibus
621 2138 997 2212 triennium
1028 2137 1302 2212 dederit
1330 2193 1352 2229 ‚
1399 2153 1636 2210 tamen
1672 2134 1766 2207 ab

291 2236 430 2313 illis
488 2262 779 2336 quoque
820 2236 958 2332 jam
994 2237 1503 2311 informandam
1551 2233 1765 2334 quam

294 2336 586 2436 optimis
642 2336 967 2429 institutis
1020 2355 1332 2411 mentem
1394 2332 1765 2407 infantium
1812 2382 1874 2415 μ,

297 2433 598 2530 judicat.
669 2436 811 2507 Cur
848 2456 1085 2513 autem
1115 2460 1262 2508 non
1302 2432 1649 2531 pertineat
1678 2427 1770 2500 ad

301 2531 545 2604 literas
570 2548 773 2628 aetas,
807 2562 963 2636 quae
1011 2536 1097 2608 ad
1133 2555 1369 2605 mores
1395 2529 1536 2625 jam
1561 2526 1767 2626 perti-

297 2647 431 2705 net
453 2630 482 2703 ?
503 2631 755 2733 Neque
776 2634 1069 2733 ignoro,
1108 2648 1272 2705 toto
1298 2630 1427 2704 illo
1448 2684 1470 2723 ‚
1504 2628 1592 2700 de
1620 2649 1766 2726 quo

293 2730 609 2830 loquor.³
659 2750 984 2831 tempore
1035 2732 1159 2808 vix
1194 2748 1480 2803 tantum
1532 2726 1713 2802 effici
1741 2778 1768 2817 ,

293 2848 638 2930 quantum
676 2830 1006 2906 conferre
1039 2832 1220 2903 unus
1274 2826 1514 2928 postea
1611 2822 1767 2900 osfit

296 2952 546 3006 annus,
578 2931 718 3006 Sed
748 2948 986 3006 tamen
1019 2928 1189 3004 mihi
1223 2981 1251 3019 ‚
1290 2924 1414 3027 qui
1441 2925 1512 3000 id
1573 2921 1770 2997 ense-

1850 2282 1860 2325 „-
1843 1880 1880 2261 „uda-Nx)

300 3113 394 3210 δέ
428 3094 705 3169 Ptaecepta.
734 3097 805 3148 Sic
825 3096 1077 3163 inscriptus
1106 3092 1223 3146 libet
1259 3094 1345 3159 qui
1370 3083 1581 3140 Hesiodo
1596 3060 1778 3144 tribue,

389 3176 456 3214 ut.
