2200 3784
337 249 344 255 ἢ
449 156 674 248 3003·ae
757 147 951 225 Lm.
1008 150 1102 224 V.
1158 147 1386 226 cn.
1436 148 1625 225 VII.

446 290 607 365 pars
644 290 800 365 quae
824 266 1024 341 nolit.
1052 267 1275 365 quue
1314 266 1591 340 interim
1618 263 1749 341 scit
1778 272 1917 347 ac:

447 363 724 439 cusator
753 416 778 448 ,
811 364 1085 437 interim
1112 364 1352 458 nescit.

436 475 450 484 “
540 460 901 559 Fingamus
920 461 990 532 in
1013 462 1371 557 praesentia
1402 460 1589 535 scire.
1618 462 1692 532 In
1713 477 1913 537 utro-

449 581 589 656 que
636 558 821 631 enim
864 582 1119 655 genere
1165 558 1438 631 summis
1490 557 1753 630 artibus
1804 559 1914 630 in-

447 655 863 752 terrogantis
904 653 1080 751 opus
1115 655 1232 729 est.
1265 656 1446 727 Nam
1473 653 1523 726 fi
1564 653 1780 725 habet
1807 671 1918 728 te·

447 748 617 824 stem
652 752 980 848 cupidum
1022 751 1366 842 laedendi,
1399 774 1654 824 cavere
1689 750 1911 824 debet

431 847 585 923 ·hoc
611 849 631 919 i
683 848 856 940 sum,
886 874 974 923 ne
1000 849 1340 947 cupiditas
1361 846 1514 942 ejus‘
1525 865 1858 958 appareat
1872 849 1908 922 'z

449 970 584 1020 nec
608 874 831 1020 {fatiat
852 946 939 1018 de
966 969 1057 1018 eo
1092 947 1286 1043 quod
1326 946 1400 1017 in
1423 945 1756 1037 judicium
1782 945 1914 1018 ve'-

433 1043 597 1133 ·nit,
628 1066 877 1153 rogare
901 1097 925 1133 ‚
959 1040 1076 1113 sed
1107 1041 1347 1139 aliquo
1386 1042 1688 1116 circuitu
1712 1042 1799 1112 ad
1829 1039 1907 1142 id

450 1162 819 1234 pervenire
849 1165 886 1228 ,’
904 1155 982 1209 ut
1013 1137 1112 1209 illi
1130 1193 1152 1229 ,
1177 1138 1368 1237 quod
1392 1138 1912 1211 maximedice-

448 1259 527 1308 re
555 1234 784 1310 voluit
806 1263 829 1325 3
857 1235 1185 1310 videatur
1211 1235 1595 1333 expreffum
1617 1263 1633 1307 ε
1659 1259 1788 1310 nec
1803 1235 1909 1306 ni-

433 1332 670 1406 ‘mium
729 1332 979 1407 instare
1031 1331 1553 1431 interrogationi
1600 1387 1624 1423 ‚
1677 1331 1906 1430 ne-4ad

427 1430 688 1503 ”omnia
711 1430 1231 1528 respondendO,
1262 1430 1449 1502 testis
1477 1429 1685 1502 fidem
1710 1429 1905 1526 suant

433 1527 724 1600 ‘minuat
741 1581 763 1617 ,
789 1528 905 1601 sed
922 1559 951 1587 ι
972 1527 1044 1599 in
1066 1545 1334 1601 tantum
1368 1540 1669 1601 evocare
1693 1550 1854 1602 eum
1875 1579 1906 1618 ‚

433 1631 798 1721 ⁵quantum
831 1623 1096 1699 sumere
1141 1650 1227 1697 ex
1265 1649 1407 1696 uno
1441 1624 1595 1697 satis
1640 1624 1758 1698 est.

383 1789 390 1804 ff
437 1732 446 1754 ²
526 1730 622 1792 At
649 1720 719 1792 in
752 1744 842 1794 eo
876 1722 994 1818 q‘ui
1024 1747 1274 1796 verum
1314 1721 1570 1796 invitus
1605 1721 1906 1795 dicturus

377 1839 382 1846 ·
441 1815 553 1889 'est
571 1870 594 1908 ‚
620 1817 844 1914 prima
861 1817 1155 1891 felicitas
1174 1817 1656 1914 interrogantis
1676 1818 1770 1890 est
1790 1842 1908 1891 ex-

453 1929 788 2008 torquere
835 1914 1029 2007 quod
1070 1915 1128 1983 is
1173 1914 1501 1985 noluerit.
1567 1914 1723 1986 Hoc
1763 1940 1909 1996 non

434 2007 590 2079 'alio
626 2005 1032 2079 modo-fieri
1068 2006 1295 2103 potest
1320 2060 1342 2096 ,
1389 2008 1595 2103 quam
1627 2009 1908 2106 longius

447 2101 997 2200 interrogatione
1037 2102 1357 2200 repetita.
1425 2101 1907 2199 Respondebit

451 2197 640 2274 enim
662 2225 816 2299 quae
837 2223 1090 2275 nocere
1122 2199 1337 2274 causae
1362 2223 1501 2272 non
1533 2200 1912 2273 arbitrabi.

451 2313 567 2370 tur-
603 2330 619 2370 :
658 2324 746 2373 ex
779 2296 1087 2396 pluribus
1121 2297 1366 2371 deinde
1387 2323 1539 2396 quae
1566 2297 1905 2374 confess'us

457 2395 589 2468 erit
621 2450 644 2487 ,
693 2396 784 2476 eo
818 2396 1236 2498 perducetur
1260 2451 1284 2486 ‚
1312 2415 1391 2468 ut
1443 2397 1635 2493 quod
1676 2396 1915 2473 didere

453 2517 598 2566 non
624 2495 805 2584 vult,
830 2518 1083 2592 negare
1108 2518 1247 2565 non
1272 2492 1494 2589 poffit.
1523 2494 1702 2566 Nam
1730 2495 1905 2567 utin

457 2590 777 2664 oratione
814 2590 1035 2686 sparsa
1069 2592 1477 2687 plerumque
1510 2590 1898 2684 colligimus

439 2700 861 2784 argumenta
891 2742 914 2778 ,
965 2714 1119 2787 quae
1174 2710 1298 2784 per
1359 2686 1428 2757 se
1482 2682 1651 2754 nihil
1702 2705 1901 2757 reum

387 2857 392 2862 ,
427 2793 831 2884 'aggravare
882 2785 1253 2860 videantur
1289 2836 1314 2875 ,
1369 2780 1908 2879 congregatione

521 2994 552 3025 a
571 2980 686 3027 Non
704 2977 869 3024 omnia
886 2945 989 3042 quae
1003 2950 1153 3039 polita
1201 2993 1258 3025 eo
1278 2976 1523 3041 poscemus
1569 2995 1583 3023 ε
1620 2971 1802 3044 reliqua
1843 2978 1907 3031 ab

456 3040 564 3088 sunt
608 3044 659 3088 in
693 3038 1047 3101 controversia,
1072 3036 1155 3086 sed
1203 3040 1307 3091 aliis
1321 3040 1527 3092 testibus.
1583 3039 1734 3095 Tum·
1882 3055 1893 3062 ‘

456 3101 590 3166 quod
613 3105 751 3154 nobis
781 3104 896 3158 utile
933 3108 1022 3155 etit
1042 3139 1063 3168 ,
1095 3104 1156 3154 ab
