<?xml version="1.0" encoding="UTF-8"?>
<!DOCTYPE html PUBLIC "-//W3C//DTD XHTML 1.0 Transitional//EN"
    "http://www.w3.org/TR/xhtml1/DTD/xhtml1-transitional.dtd">
<html xmlns="http://www.w3.org/1999/xhtml" xml:lang="en" lang="en">
 <head>
  <title>
</title>
<meta http-equiv="Content-Type" content="text/html;charset=utf-8" />
  <meta name='ocr-system' content='tesseract 3.04.00' />
  <meta name='ocr-capabilities' content='ocr_page ocr_carea ocr_par ocr_line ocrx_word'/>
</head>
<body>
  <div class='ocr_page' id='page_1' title='image "./marcifabiiquint00unkngoog_0365.png"; bbox 0 0 2200 3784; ppageno 0'>
   <div class='ocr_carea' id='block_1_1' title="bbox 9 783 340 980">
    <p class='ocr_par' dir='ltr' id='par_1_1' title="bbox 9 783 340 980">
     <span class='ocr_line' id='line_1_1' title="bbox 13 783 339 846; baseline 0 -9"><span class='ocrx_word' id='word_1_1' title='bbox 13 843 14 846; x_wconf 8' lang='grc' dir='ltr'><strong>Ἴ</strong></span> <span class='ocrx_word' id='word_1_2' title='bbox 255 783 339 837; x_wconf 89' lang='lat' dir='ltr'>ut</span> 
     </span>
     <span class='ocr_line' id='line_1_2' title="bbox 9 869 340 980; baseline 0 0"><span class='ocrx_word' id='word_1_3' title='bbox 9 869 30 980; x_wconf 54' lang='grc' dir='ltr'>ε’</span> <span class='ocrx_word' id='word_1_4' title='bbox 126 876 132 882; x_wconf 83' lang='grc'>’</span> <span class='ocrx_word' id='word_1_5' title='bbox 254 888 340 961; x_wconf 79' lang='lat' dir='ltr'>1²r</span> 
     </span>
    </p>
   </div>
   <div class='ocr_carea' id='block_1_2' title="bbox 531 153 1723 253">
    <p class='ocr_par' dir='ltr' id='par_1_2' title="bbox 531 153 1723 253">
     <span class='ocr_line' id='line_1_3' title="bbox 531 153 1723 253; baseline -0.002 -22"><span class='ocrx_word' id='word_1_6' title='bbox 531 153 676 231; x_wconf 73' lang='lat' dir='ltr'>DE</span> <span class='ocrx_word' id='word_1_7' title='bbox 724 156 1446 236; x_wconf 65' lang='lat' dir='ltr'>{PAR-timont.</span> <span class='ocrx_word' id='word_1_8' title='bbox 1587 156 1723 253; x_wconf 71' lang='lat'>283</span> 
     </span>
    </p>
   </div>
   <div class='ocr_carea' id='block_1_3' title="bbox 258 275 1735 587">
    <p class='ocr_par' dir='ltr' id='par_1_3' title="bbox 258 275 1735 587">
     <span class='ocr_line' id='line_1_4' title="bbox 258 275 1730 375; baseline -0.001 -25"><span class='ocrx_word' id='word_1_9' title='bbox 258 276 428 350; x_wconf 86' lang='lat' dir='ltr'>dum</span> <span class='ocrx_word' id='word_1_10' title='bbox 448 275 547 351; x_wconf 89' lang='lat' dir='ltr'>est</span> <span class='ocrx_word' id='word_1_11' title='bbox 568 333 593 371; x_wconf 91' lang='lat'>‚</span> <span class='ocrx_word' id='word_1_12' title='bbox 618 293 700 350; x_wconf 92' lang='lat' dir='ltr'>ut</span> <span class='ocrx_word' id='word_1_13' title='bbox 719 277 795 350; x_wconf 90' lang='lat' dir='ltr'>in</span> <span class='ocrx_word' id='word_1_14' title='bbox 819 276 1012 348; x_wconf 84' lang='lat' dir='ltr'>illam</span> <span class='ocrx_word' id='word_1_15' title='bbox 1034 292 1302 373; x_wconf 86' lang='lat' dir='ltr'>partem</span> <span class='ocrx_word' id='word_1_16' title='bbox 1320 276 1730 375; x_wconf 80' lang='lat' dir='ltr'>sequentem</span> 
     </span>
     <span class='ocr_line' id='line_1_5' title="bbox 260 373 1735 473; baseline 0.001 -28"><span class='ocrx_word' id='word_1_17' title='bbox 260 373 435 448; x_wconf 74' lang='lat' dir='ltr'>fides</span> <span class='ocrx_word' id='word_1_18' title='bbox 459 401 547 450; x_wconf 78' lang='lat' dir='ltr'>ex</span> <span class='ocrx_word' id='word_1_19' title='bbox 571 374 814 473; x_wconf 87' lang='lat' dir='ltr'>priore</span> <span class='ocrx_word' id='word_1_20' title='bbox 833 374 1151 448; x_wconf 79' lang='lat' dir='ltr'>ducatur.</span> <span class='ocrx_word' id='word_1_21' title='bbox 1179 373 1410 447; x_wconf 90' lang='lat' dir='ltr'>Potest</span> <span class='ocrx_word' id='word_1_22' title='bbox 1427 375 1616 448; x_wconf 89' lang='lat' dir='ltr'>enim</span> <span class='ocrx_word' id='word_1_23' title='bbox 1627 374 1735 450; x_wconf 85' lang='lat' dir='ltr'>vi-</span> 
     </span>
     <span class='ocr_line' id='line_1_6' title="bbox 260 470 1733 587; baseline 0.001 -44"><span class='ocrx_word' id='word_1_24' title='bbox 260 472 417 545; x_wconf 88' lang='lat' dir='ltr'>deri</span> <span class='ocrx_word' id='word_1_25' title='bbox 436 527 474 587; x_wconf 76' lang='lat'>⁹.</span> <span class='ocrx_word' id='word_1_26' title='bbox 497 473 638 585; x_wconf 46' lang='lat' dir='ltr'>qui·</span> <span class='ocrx_word' id='word_1_27' title='bbox 659 472 820 546; x_wconf 79' lang='lat' dir='ltr'>tuto</span> <span class='ocrx_word' id='word_1_28' title='bbox 852 471 1063 544; x_wconf 85' lang='lat' dir='ltr'>etiam</span> <span class='ocrx_word' id='word_1_29' title='bbox 1105 470 1529 546; x_wconf 77' lang='lat' dir='ltr'>confessurus</span> <span class='ocrx_word' id='word_1_30' title='bbox 1559 471 1733 565; x_wconf 85' lang='lat' dir='ltr'>fuit,</span> 
     </span>
    </p>
   </div>
   <div class='ocr_carea' id='block_1_4' title="bbox 259 568 1748 645">
    <p class='ocr_par' dir='ltr' id='par_1_4' title="bbox 259 568 1748 645">
     <span class='ocr_line' id='line_1_7' title="bbox 259 568 1748 645; baseline 0.001 -3"><span class='ocrx_word' id='word_1_31' title='bbox 259 573 644 645; x_wconf 76' lang='lat' dir='ltr'>menuench</span> <span class='ocrx_word' id='word_1_32' title='bbox 667 570 940 645; x_wconf 84' lang='lat' dir='ltr'>causam</span> <span class='ocrx_word' id='word_1_33' title='bbox 964 569 1036 641; x_wconf 87' lang='lat' dir='ltr'>in</span> <span class='ocrx_word' id='word_1_34' title='bbox 1056 593 1147 644; x_wconf 89' lang='lat' dir='ltr'>ne</span> <span class='ocrx_word' id='word_1_35' title='bbox 1189 568 1383 644; x_wconf 76' lang='lat' dir='ltr'>ando</span> <span class='ocrx_word' id='word_1_36' title='bbox 1415 595 1563 644; x_wconf 89' lang='lat' dir='ltr'>non</span> <span class='ocrx_word' id='word_1_37' title='bbox 1602 570 1748 644; x_wconf 84' lang='lat' dir='ltr'>ha-·</span> 
     </span>
    </p>
   </div>
   <div class='ocr_carea' id='block_1_5' title="bbox 243 666 1733 3110">
    <p class='ocr_par' dir='ltr' id='par_1_5' title="bbox 243 666 1733 3110">
     <span class='ocr_line' id='line_1_8' title="bbox 257 666 1729 779; baseline -0.001 -39"><span class='ocrx_word' id='word_1_38' title='bbox 257 666 474 742; x_wconf 82' lang='lat' dir='ltr'>here:</span> <span class='ocrx_word' id='word_1_39' title='bbox 507 671 587 743; x_wconf 87' lang='lat'>&amp;</span> <span class='ocrx_word' id='word_1_40' title='bbox 619 667 795 741; x_wconf 86' lang='lat' dir='ltr'>illud</span> <span class='ocrx_word' id='word_1_41' title='bbox 833 667 1080 779; x_wconf 85' lang='lat' dir='ltr'>utique</span> <span class='ocrx_word' id='word_1_42' title='bbox 1167 666 1536 741; x_wconf 89' lang='lat' dir='ltr'>aciendum</span> <span class='ocrx_word' id='word_1_43' title='bbox 1582 668 1679 744; x_wconf 90' lang='lat' dir='ltr'>est</span> <span class='ocrx_word' id='word_1_44' title='bbox 1701 724 1729 763; x_wconf 89' lang='lat'><strong>,</strong></span> 
     </span>
     <span class='ocr_line' id='line_1_9' title="bbox 414 763 1731 866; baseline 0 -27"><span class='ocrx_word' id='word_1_45' title='bbox 414 767 644 840; x_wconf 87' lang='lat' dir='ltr'>uoties</span> <span class='ocrx_word' id='word_1_46' title='bbox 670 763 1159 866; x_wconf 74' lang='lat' dir='ltr'>suspicabimur</span> <span class='ocrx_word' id='word_1_47' title='bbox 1190 765 1232 837; x_wconf 76' lang='grc' dir='ltr'>ὲ</span> <span class='ocrx_word' id='word_1_48' title='bbox 1259 765 1492 857; x_wconf 82' lang='lat' dir='ltr'>judice</span> <span class='ocrx_word' id='word_1_49' title='bbox 1521 763 1731 840; x_wconf 83' lang='lat' dir='ltr'>aliam</span> 
     </span>
     <span class='ocr_line' id='line_1_10' title="bbox 343 791 1732 964; baseline 0.001 -27"><span class='ocrx_word' id='word_1_50' title='bbox 343 791 751 939; x_wconf 53' lang='lat' dir='ltr'>‹fiaationem</span> <span class='ocrx_word' id='word_1_51' title='bbox 772 861 1143 937; x_wconf 77' lang='lat' dir='ltr'>desiderari</span> <span class='ocrx_word' id='word_1_52' title='bbox 1170 914 1198 950; x_wconf 86' lang='lat'>,</span> <span class='ocrx_word' id='word_1_53' title='bbox 1235 863 1442 962; x_wconf 56' lang='lat' dir='ltr'>quam</span> <span class='ocrx_word' id='word_1_54' title='bbox 1470 863 1560 937; x_wconf 89' lang='lat' dir='ltr'>de</span> <span class='ocrx_word' id='word_1_55' title='bbox 1588 890 1732 964; x_wconf 88' lang='lat' dir='ltr'>qua</span> 
     </span>
     <span class='ocr_line' id='line_1_11' title="bbox 253 961 1730 1060; baseline 0.006 -29"><span class='ocrx_word' id='word_1_56' title='bbox 253 962 611 1060; x_wconf 87' lang='lat' dir='ltr'>loquimur</span> <span class='ocrx_word' id='word_1_57' title='bbox 630 1017 655 1055; x_wconf 90' lang='lat'><strong>,</strong></span> <span class='ocrx_word' id='word_1_58' title='bbox 687 963 1174 1060; x_wconf 87' lang='lat' dir='ltr'><strong>promittamus</strong></span> <span class='ocrx_word' id='word_1_59' title='bbox 1211 985 1343 1036; x_wconf 86' lang='lat' dir='ltr'>nos</span> <span class='ocrx_word' id='word_1_60' title='bbox 1371 961 1579 1060; x_wconf 69' lang='lat' dir='ltr'>plene</span> <span class='ocrx_word' id='word_1_61' title='bbox 1596 1017 1623 1054; x_wconf 87' lang='lat'>‚</span> <span class='ocrx_word' id='word_1_62' title='bbox 1649 966 1730 1040; x_wconf 86' lang='lat'>&amp;</span> 
     </span>
     <span class='ocr_line' id='line_1_12' title="bbox 251 1056 1731 1160; baseline 0.002 -31"><span class='ocrx_word' id='word_1_63' title='bbox 251 1056 480 1131; x_wconf 84' lang='lat' dir='ltr'>statim</span> <span class='ocrx_word' id='word_1_64' title='bbox 497 1061 590 1132; x_wconf 90' lang='lat' dir='ltr'>de</span> <span class='ocrx_word' id='word_1_65' title='bbox 618 1084 708 1133; x_wconf 89' lang='lat' dir='ltr'>eo</span> <span class='ocrx_word' id='word_1_66' title='bbox 738 1061 899 1135; x_wconf 83' lang='lat' dir='ltr'>satis</span> <span class='ocrx_word' id='word_1_67' title='bbox 926 1059 1060 1134; x_wconf 81' lang='lat' dir='ltr'>efl&#39;e</span> <span class='ocrx_word' id='word_1_68' title='bbox 1092 1057 1394 1135; x_wconf 73' lang='lat' dir='ltr'>fafluros</span> <span class='ocrx_word' id='word_1_69' title='bbox 1427 1088 1445 1133; x_wconf 74' lang='grc' dir='ltr'><strong><em>ε</em></strong></span> <span class='ocrx_word' id='word_1_70' title='bbox 1479 1060 1731 1160; x_wconf 82' lang='lat' dir='ltr'>praeci-</span> 
     </span>
     <span class='ocr_line' id='line_1_13' title="bbox 253 1156 1346 1257; baseline 0.004 -28"><span class='ocrx_word' id='word_1_71' title='bbox 253 1156 536 1257; x_wconf 74' lang='lat' dir='ltr'>pueque</span> <span class='ocrx_word' id='word_1_72' title='bbox 554 1157 603 1230; x_wconf 90' lang='lat' dir='ltr'><strong>fi</strong></span> <span class='ocrx_word' id='word_1_73' title='bbox 626 1158 716 1232; x_wconf 90' lang='lat' dir='ltr'>de</span> <span class='ocrx_word' id='word_1_74' title='bbox 737 1179 771 1211; x_wconf 76' lang='lat'><em>⁶</em></span> <span class='ocrx_word' id='word_1_75' title='bbox 792 1159 1061 1256; x_wconf 89' lang='lat' dir='ltr'>pudore</span> <span class='ocrx_word' id='word_1_76' title='bbox 1093 1156 1346 1255; x_wconf 85' lang='lat' dir='ltr'>agitur.</span> 
     </span>
     <span class='ocr_line' id='line_1_14' title="bbox 350 1254 1726 1355; baseline 0 -27"><span class='ocrx_word' id='word_1_77' title='bbox 350 1259 777 1355; x_wconf 87' lang='lat' dir='ltr'>Frequenter</span> <span class='ocrx_word' id='word_1_78' title='bbox 818 1272 1053 1327; x_wconf 84' lang='lat' dir='ltr'>autem</span> <span class='ocrx_word' id='word_1_79' title='bbox 1080 1254 1366 1336; x_wconf 83' lang='lat' dir='ltr'>accidit,</span> <span class='ocrx_word' id='word_1_80' title='bbox 1412 1272 1490 1327; x_wconf 89' lang='lat' dir='ltr'>ut</span> <span class='ocrx_word' id='word_1_81' title='bbox 1519 1257 1726 1329; x_wconf 84' lang='lat' dir='ltr'>causa</span> 
     </span>
     <span class='ocr_line' id='line_1_15' title="bbox 247 1348 1727 1451; baseline 0.001 -27"><span class='ocrx_word' id='word_1_82' title='bbox 247 1376 504 1451; x_wconf 69' lang='lat' dir='ltr'>parum</span> <span class='ocrx_word' id='word_1_83' title='bbox 523 1352 925 1426; x_wconf 80' lang='lat' dir='ltr'>verecunda</span> <span class='ocrx_word' id='word_1_84' title='bbox 943 1403 968 1441; x_wconf 90' lang='lat'><strong>,</strong></span> <span class='ocrx_word' id='word_1_85' title='bbox 996 1348 1149 1440; x_wconf 84' lang='lat' dir='ltr'>iure</span> <span class='ocrx_word' id='word_1_86' title='bbox 1175 1366 1325 1421; x_wconf 84' lang='lat' dir='ltr'>tuta</span> <span class='ocrx_word' id='word_1_87' title='bbox 1339 1349 1451 1424; x_wconf 85' lang='lat' dir='ltr'>fit:</span> <span class='ocrx_word' id='word_1_88' title='bbox 1476 1352 1564 1425; x_wconf 87' lang='lat' dir='ltr'>de</span> <span class='ocrx_word' id='word_1_89' title='bbox 1581 1349 1727 1449; x_wconf 86' lang='lat' dir='ltr'>quo</span> 
     </span>
     <span class='ocr_line' id='line_1_16' title="bbox 250 1446 1726 1542; baseline 0 -21"><span class='ocrx_word' id='word_1_90' title='bbox 250 1475 343 1521; x_wconf 88' lang='lat' dir='ltr'>ne</span> <span class='ocrx_word' id='word_1_91' title='bbox 378 1449 579 1526; x_wconf 84' lang='lat' dir='ltr'>inviti</span> <span class='ocrx_word' id='word_1_92' title='bbox 635 1447 900 1540; x_wconf 82' lang='lat' dir='ltr'>judices</span> <span class='ocrx_word' id='word_1_93' title='bbox 946 1446 1229 1520; x_wconf 84' lang='lat' dir='ltr'>audiant</span> <span class='ocrx_word' id='word_1_94' title='bbox 1282 1448 1360 1520; x_wconf 88' lang='lat'>&amp;</span> <span class='ocrx_word' id='word_1_95' title='bbox 1403 1448 1669 1522; x_wconf 77' lang='lat' dir='ltr'>adversi</span> <span class='ocrx_word' id='word_1_96' title='bbox 1700 1503 1726 1542; x_wconf 88' lang='lat'><strong>,</strong></span> 
     </span>
     <span class='ocr_line' id='line_1_17' title="bbox 253 1542 1728 1638; baseline 0 -21"><span class='ocrx_word' id='word_1_97' title='bbox 253 1545 691 1638; x_wconf 74' lang='lat' dir='ltr'>frequentius</span> <span class='ocrx_word' id='word_1_98' title='bbox 725 1542 876 1616; x_wconf 89' lang='lat' dir='ltr'>sunt</span> <span class='ocrx_word' id='word_1_99' title='bbox 926 1543 1397 1634; x_wconf 84' lang='lat' dir='ltr'>admonendi,</span> <span class='ocrx_word' id='word_1_100' title='bbox 1449 1544 1728 1622; x_wconf 83' lang='lat' dir='ltr'>secutu-</span> 
     </span>
     <span class='ocr_line' id='line_1_18' title="bbox 253 1640 1730 1741; baseline 0.001 -27"><span class='ocrx_word' id='word_1_101' title='bbox 253 1666 406 1714; x_wconf 81' lang='lat' dir='ltr'>ram</span> <span class='ocrx_word' id='word_1_102' title='bbox 438 1641 905 1715; x_wconf 77' lang='lat' dir='ltr'>defensionem</span> <span class='ocrx_word' id='word_1_103' title='bbox 980 1640 1302 1716; x_wconf 84' lang='lat' dir='ltr'>robitatis</span> <span class='ocrx_word' id='word_1_104' title='bbox 1328 1665 1410 1715; x_wconf 87' lang='lat' dir='ltr'>ac</span> <span class='ocrx_word' id='word_1_105' title='bbox 1435 1642 1730 1741; x_wconf 82' lang='lat' dir='ltr'>dignita·</span> 
     </span>
     <span class='ocr_line' id='line_1_19' title="bbox 250 1667 1728 1838; baseline 0.002 -26"><span class='ocrx_word' id='word_1_106' title='bbox 250 1739 346 1813; x_wconf 87' lang='lat' dir='ltr'>tis</span> <span class='ocrx_word' id='word_1_107' title='bbox 369 1741 771 1838; x_wconf 73' lang='lat' dir='ltr'>;expe6tent</span> <span class='ocrx_word' id='word_1_108' title='bbox 795 1667 1079 1838; x_wconf 57' lang='lat' dir='ltr'>paufum</span> <span class='ocrx_word' id='word_1_109' title='bbox 1096 1794 1122 1832; x_wconf 87' lang='lat'>‚</span> <span class='ocrx_word' id='word_1_110' title='bbox 1145 1746 1214 1809; x_wconf 86' lang='lat'>&amp;</span> <span class='ocrx_word' id='word_1_111' title='bbox 1238 1741 1349 1838; x_wconf 85' lang='lat' dir='ltr'>agi</span> <span class='ocrx_word' id='word_1_112' title='bbox 1369 1741 1613 1814; x_wconf 89' lang='lat' dir='ltr'>ordine</span> <span class='ocrx_word' id='word_1_113' title='bbox 1640 1742 1728 1814; x_wconf 85' lang='lat' dir='ltr'>fi-</span> 
     </span>
     <span class='ocr_line' id='line_1_20' title="bbox 252 1836 1728 1931; baseline 0.001 -21"><span class='ocrx_word' id='word_1_114' title='bbox 252 1854 451 1912; x_wconf 85' lang='lat' dir='ltr'>nant.</span> <span class='ocrx_word' id='word_1_115' title='bbox 479 1838 821 1931; x_wconf 82' lang='lat' dir='ltr'>Quaedam</span> <span class='ocrx_word' id='word_1_116' title='bbox 839 1837 1118 1911; x_wconf 82' lang='lat' dir='ltr'>interim</span> <span class='ocrx_word' id='word_1_117' title='bbox 1142 1862 1273 1912; x_wconf 83' lang='lat' dir='ltr'>nos</span> <span class='ocrx_word' id='word_1_118' title='bbox 1298 1838 1375 1910; x_wconf 90' lang='lat'>&amp;</span> <span class='ocrx_word' id='word_1_119' title='bbox 1391 1836 1632 1916; x_wconf 86' lang='lat' dir='ltr'>invitis</span> <span class='ocrx_word' id='word_1_120' title='bbox 1651 1839 1728 1912; x_wconf 86' lang='lat' dir='ltr'>li-</span> 
     </span>
     <span class='ocr_line' id='line_1_21' title="bbox 249 1934 1733 2035; baseline 0.001 -26"><span class='ocrx_word' id='word_1_121' title='bbox 249 1935 673 2035; x_wconf 80' lang='lat' dir='ltr'>tigatoribus</span> <span class='ocrx_word' id='word_1_122' title='bbox 720 1935 1187 2010; x_wconf 80' lang='lat' dir='ltr'>,fimulandum</span> <span class='ocrx_word' id='word_1_123' title='bbox 1261 1934 1359 2009; x_wconf 88' lang='lat' dir='ltr'>est</span> <span class='ocrx_word' id='word_1_124' title='bbox 1430 1936 1662 2012; x_wconf 88' lang='lat' dir='ltr'>dicere</span> <span class='ocrx_word' id='word_1_125' title='bbox 1696 1965 1733 2028; x_wconf 45' lang='lat' dir='ltr'>z,</span> 
     </span>
     <span class='ocr_line' id='line_1_22' title="bbox 243 2033 1726 2134; baseline 0.003 -27"><span class='ocrx_word' id='word_1_126' title='bbox 243 2034 450 2132; x_wconf 86' lang='lat' dir='ltr'>quod</span> <span class='ocrx_word' id='word_1_127' title='bbox 488 2033 748 2109; x_wconf 88' lang='lat' dir='ltr'>Cicero</span> <span class='ocrx_word' id='word_1_128' title='bbox 786 2059 919 2134; x_wconf 91' lang='lat' dir='ltr'>pro</span> <span class='ocrx_word' id='word_1_129' title='bbox 971 2033 1311 2109; x_wconf 79' lang='lat' dir='ltr'>Cluentio</span> <span class='ocrx_word' id='word_1_130' title='bbox 1343 2033 1515 2111; x_wconf 84' lang='lat' dir='ltr'>facit</span> <span class='ocrx_word' id='word_1_131' title='bbox 1542 2036 1726 2111; x_wconf 81' lang='lat' dir='ltr'>circa</span> 
     </span>
     <span class='ocr_line' id='line_1_23' title="bbox 249 2129 1727 2233; baseline 0.003 -29"><span class='ocrx_word' id='word_1_132' title='bbox 249 2129 687 2227; x_wconf 79' lang='lat' dir='ltr'>judiciariam</span> <span class='ocrx_word' id='word_1_133' title='bbox 712 2133 966 2233; x_wconf 84' lang='lat' dir='ltr'>legem.</span> <span class='ocrx_word' id='word_1_134' title='bbox 996 2133 1519 2232; x_wconf 85' lang='lat' dir='ltr'>Nonnunquam</span> <span class='ocrx_word' id='word_1_135' title='bbox 1537 2134 1727 2232; x_wconf 83' lang='lat' dir='ltr'>quafi</span> 
     </span>
     <span class='ocr_line' id='line_1_24' title="bbox 247 2228 1721 2330; baseline 0.001 -27"><span class='ocrx_word' id='word_1_136' title='bbox 247 2228 778 2327; x_wconf 83' lang='lat' dir='ltr'>interpellemur</span> <span class='ocrx_word' id='word_1_137' title='bbox 808 2231 897 2302; x_wconf 87' lang='lat' dir='ltr'>ab</span> <span class='ocrx_word' id='word_1_138' title='bbox 927 2229 1031 2303; x_wconf 83' lang='lat' dir='ltr'>his</span> <span class='ocrx_word' id='word_1_139' title='bbox 1052 2284 1074 2320; x_wconf 88' lang='lat'>,</span> <span class='ocrx_word' id='word_1_140' title='bbox 1105 2229 1479 2306; x_wconf 63' lang='lat' dir='ltr'>subsistere.</span> <span class='ocrx_word' id='word_1_141' title='bbox 1525 2234 1721 2330; x_wconf 82' lang='lat' dir='ltr'>Saepe</span> 
     </span>
     <span class='ocr_line' id='line_1_25' title="bbox 243 2326 1720 2423; baseline 0.001 -22"><span class='ocrx_word' id='word_1_142' title='bbox 243 2327 637 2401; x_wconf 65' lang='lat' dir='ltr'>⁴:avertenda</span> <span class='ocrx_word' id='word_1_143' title='bbox 668 2328 753 2398; x_wconf 86' lang='lat' dir='ltr'>ad</span> <span class='ocrx_word' id='word_1_144' title='bbox 785 2326 973 2423; x_wconf 86' lang='lat' dir='ltr'>ipsos</span> <span class='ocrx_word' id='word_1_145' title='bbox 1026 2326 1258 2398; x_wconf 86' lang='lat' dir='ltr'>oratio</span> <span class='ocrx_word' id='word_1_146' title='bbox 1291 2354 1309 2399; x_wconf 73' lang='grc' dir='ltr'><strong>ε</strong></span> <span class='ocrx_word' id='word_1_147' title='bbox 1352 2327 1720 2421; x_wconf 86' lang='lat' dir='ltr'>hortandi,</span> 
     </span>
     <span class='ocr_line' id='line_1_26' title="bbox 250 2420 1721 2500; baseline 0.003 -5"><span class='ocrx_word' id='word_1_148' title='bbox 250 2441 331 2496; x_wconf 88' lang='lat' dir='ltr'>ut</span> <span class='ocrx_word' id='word_1_149' title='bbox 377 2423 595 2495; x_wconf 71' lang='lat' dir='ltr'>sinant</span> <span class='ocrx_word' id='word_1_150' title='bbox 627 2446 759 2495; x_wconf 84' lang='lat' dir='ltr'>nos</span> <span class='ocrx_word' id='word_1_151' title='bbox 804 2422 906 2495; x_wconf 84' lang='lat' dir='ltr'>uti</span> <span class='ocrx_word' id='word_1_152' title='bbox 950 2420 1191 2494; x_wconf 90' lang='lat' dir='ltr'>nostro</span> <span class='ocrx_word' id='word_1_153' title='bbox 1245 2423 1555 2497; x_wconf 88' lang='lat' dir='ltr'>confilio.</span> <span class='ocrx_word' id='word_1_154' title='bbox 1614 2429 1721 2500; x_wconf 82' lang='lat' dir='ltr'>Ita</span> 
     </span>
     <span class='ocr_line' id='line_1_27' title="bbox 246 2517 1722 2619; baseline -0.001 -24"><span class='ocrx_word' id='word_1_155' title='bbox 246 2520 648 2619; x_wconf 85' lang='lat' dir='ltr'>surrepetur</span> <span class='ocrx_word' id='word_1_156' title='bbox 674 2518 908 2594; x_wconf 88' lang='lat' dir='ltr'>animo</span> <span class='ocrx_word' id='word_1_157' title='bbox 945 2517 1236 2612; x_wconf 84' lang='lat' dir='ltr'>judicis,</span> <span class='ocrx_word' id='word_1_158' title='bbox 1270 2523 1349 2594; x_wconf 88' lang='lat'>&amp;</span> <span class='ocrx_word' id='word_1_159' title='bbox 1382 2519 1549 2592; x_wconf 88' lang='lat' dir='ltr'>dum</span> <span class='ocrx_word' id='word_1_160' title='bbox 1573 2522 1722 2618; x_wconf 91' lang='lat' dir='ltr'>spe-</span> 
     </span>
     <span class='ocr_line' id='line_1_28' title="bbox 243 2616 1726 2717; baseline -0.001 -22"><span class='ocrx_word' id='word_1_161' title='bbox 243 2636 358 2695; x_wconf 83' lang='lat' dir='ltr'>rat</span> <span class='ocrx_word' id='word_1_162' title='bbox 385 2617 876 2717; x_wconf 79' lang='lat' dir='ltr'>probationem</span> <span class='ocrx_word' id='word_1_163' title='bbox 898 2616 1185 2715; x_wconf 86' lang='lat' dir='ltr'>pudoris</span> <span class='ocrx_word' id='word_1_164' title='bbox 1205 2671 1229 2708; x_wconf 91' lang='lat'>‚</span> <span class='ocrx_word' id='word_1_165' title='bbox 1256 2616 1726 2715; x_wconf 78' lang='lat' dir='ltr'>asperioribus</span> 
     </span>
     <span class='ocr_line' id='line_1_29' title="bbox 245 2715 1719 2815; baseline 0 -24"><span class='ocrx_word' id='word_1_166' title='bbox 245 2719 384 2792; x_wconf 87' lang='lat' dir='ltr'>illis</span> <span class='ocrx_word' id='word_1_167' title='bbox 403 2717 626 2790; x_wconf 77' lang='lat' dir='ltr'>minus</span> <span class='ocrx_word' id='word_1_168' title='bbox 652 2715 1085 2815; x_wconf 78' lang='lat' dir='ltr'>repugnabit..</span> <span class='ocrx_word' id='word_1_169' title='bbox 1122 2717 1304 2808; x_wconf 80' lang='lat' dir='ltr'>Quae</span> <span class='ocrx_word' id='word_1_170' title='bbox 1329 2718 1487 2790; x_wconf 75' lang='lat' dir='ltr'>cum</span> <span class='ocrx_word' id='word_1_171' title='bbox 1519 2743 1719 2793; x_wconf 88' lang='lat' dir='ltr'>rece-</span> 
     </span>
     <span class='ocr_line' id='line_1_30' title="bbox 249 2811 1718 2912; baseline 0 -23"><span class='ocrx_word' id='word_1_172' title='bbox 249 2817 429 2912; x_wconf 87' lang='lat' dir='ltr'>perit</span> <span class='ocrx_word' id='word_1_173' title='bbox 453 2871 476 2908; x_wconf 90' lang='lat'><strong>,</strong></span> <span class='ocrx_word' id='word_1_174' title='bbox 516 2816 728 2890; x_wconf 86' lang='lat' dir='ltr'>etiam</span> <span class='ocrx_word' id='word_1_175' title='bbox 751 2811 1194 2889; x_wconf 86' lang='lat' dir='ltr'>verecundiae</span> <span class='ocrx_word' id='word_1_176' title='bbox 1217 2813 1589 2888; x_wconf 74' lang='lat' dir='ltr'>defensioni</span> <span class='ocrx_word' id='word_1_177' title='bbox 1618 2816 1718 2890; x_wconf 84' lang='lat' dir='ltr'>fa-</span> 
     </span>
     <span class='ocr_line' id='line_1_31' title="bbox 249 2912 1716 3009; baseline -0.001 -23"><span class='ocrx_word' id='word_1_178' title='bbox 249 2913 459 2986; x_wconf 85' lang='lat' dir='ltr'>cilior</span> <span class='ocrx_word' id='word_1_179' title='bbox 483 2914 636 2988; x_wconf 87' lang='lat' dir='ltr'>erit.</span> <span class='ocrx_word' id='word_1_180' title='bbox 668 2913 779 2986; x_wconf 90' lang='lat' dir='ltr'>Sic</span> <span class='ocrx_word' id='word_1_181' title='bbox 813 2929 1109 3009; x_wconf 82' lang='lat' dir='ltr'>utraque</span> <span class='ocrx_word' id='word_1_182' title='bbox 1133 2936 1246 2985; x_wconf 88' lang='lat' dir='ltr'>res</span> <span class='ocrx_word' id='word_1_183' title='bbox 1281 2912 1584 2986; x_wconf 88' lang='lat' dir='ltr'>invicem</span> <span class='ocrx_word' id='word_1_184' title='bbox 1608 2913 1716 3004; x_wconf 85' lang='lat' dir='ltr'>ju-</span> 
     </span>
     <span class='ocr_line' id='line_1_32' title="bbox 249 3005 1710 3110; baseline -0.002 -23"><span class='ocrx_word' id='word_1_185' title='bbox 249 3009 453 3087; x_wconf 83' lang='lat' dir='ltr'>vabit</span> <span class='ocrx_word' id='word_1_186' title='bbox 471 3064 496 3102; x_wconf 89' lang='lat'><strong>,</strong></span> <span class='ocrx_word' id='word_1_187' title='bbox 526 3009 797 3110; x_wconf 88' lang='lat' dir='ltr'>eritque</span> <span class='ocrx_word' id='word_1_188' title='bbox 820 3008 1035 3103; x_wconf 84' lang='lat' dir='ltr'>judex</span> <span class='ocrx_word' id='word_1_189' title='bbox 1059 3009 1244 3083; x_wconf 86' lang='lat' dir='ltr'>circa</span> <span class='ocrx_word' id='word_1_190' title='bbox 1269 3008 1377 3105; x_wconf 86' lang='lat' dir='ltr'>jus</span> <span class='ocrx_word' id='word_1_191' title='bbox 1404 3005 1710 3084; x_wconf 79' lang='lat' dir='ltr'>nostrum</span> 
     </span>
    </p>
   </div>
   <div class='ocr_carea' id='block_1_6' title="bbox 314 3150 1709 3230">
    <p class='ocr_par' dir='ltr' id='par_1_6' title="bbox 314 3150 1709 3230">
     <span class='ocr_line' id='line_1_33' title="bbox 314 3150 1709 3230; baseline 0.004 -25"><span class='ocrx_word' id='word_1_192' title='bbox 314 3173 347 3205; x_wconf 80' lang='lat' dir='ltr'><em>a</em></span> <span class='ocrx_word' id='word_1_193' title='bbox 383 3156 428 3205; x_wconf 81' lang='lat' dir='ltr'>si</span> <span class='ocrx_word' id='word_1_194' title='bbox 450 3156 589 3206; x_wconf 79' lang='lat' dir='ltr'>causa</span> <span class='ocrx_word' id='word_1_195' title='bbox 610 3172 691 3221; x_wconf 74' lang='lat' dir='ltr'>per</span> <span class='ocrx_word' id='word_1_196' title='bbox 717 3154 762 3204; x_wconf 87' lang='lat' dir='ltr'>se</span> <span class='ocrx_word' id='word_1_197' title='bbox 784 3150 1052 3221; x_wconf 83' lang='lat' dir='ltr'>parum&#39;ut</span> <span class='ocrx_word' id='word_1_198' title='bbox 1097 3155 1197 3222; x_wconf 81' lang='lat' dir='ltr'>ipse</span> <span class='ocrx_word' id='word_1_199' title='bbox 1245 3157 1409 3207; x_wconf 75' lang='lat' dir='ltr'>Fabius</span> <span class='ocrx_word' id='word_1_200' title='bbox 1443 3156 1511 3208; x_wconf 74' lang='lat' dir='ltr'>ait</span> <span class='ocrx_word' id='word_1_201' title='bbox 1559 3158 1709 3230; x_wconf 74' lang='lat' dir='ltr'>paulo</span> 
     </span>
    </p>
   </div>
   <div class='ocr_carea' id='block_1_7' title="bbox 249 3185 1147 3296">
    <p class='ocr_par' dir='ltr' id='par_1_7' title="bbox 249 3185 1147 3296">
     <span class='ocr_line' id='line_1_34' title="bbox 249 3185 1147 3296; baseline -0.006 -21"><span class='ocrx_word' id='word_1_202' title='bbox 249 3219 315 3275; x_wconf 71' lang='lat' dir='ltr'>est</span> <span class='ocrx_word' id='word_1_203' title='bbox 346 3218 542 3272; x_wconf 76' lang='lat' dir='ltr'>honesta</span> <span class='ocrx_word' id='word_1_204' title='bbox 572 3224 620 3272; x_wconf 75' lang='grc' dir='ltr'>δι</span> <span class='ocrx_word' id='word_1_205' title='bbox 654 3219 917 3272; x_wconf 79' lang='lat' dir='ltr'>verecunda</span> <span class='ocrx_word' id='word_1_206' title='bbox 936 3258 953 3284; x_wconf 92' lang='lat'>‚</span> <span class='ocrx_word' id='word_1_207' title='bbox 970 3185 984 3296; x_wconf 59' lang='grc' dir='ltr'>Ι</span> <span class='ocrx_word' id='word_1_208' title='bbox 1001 3215 1147 3272; x_wconf 60' lang='lat' dir='ltr'>infra.</span> 
     </span>
    </p>
   </div>
   <div class='ocr_carea' id='block_1_8' title="bbox 1763 2058 2038 2237">
    <p class='ocr_par' dir='ltr' id='par_1_8' title="bbox 1763 2058 2038 2237">
     <span class='ocr_line' id='line_1_35' title="bbox 1821 2058 2033 2108; baseline -0.014 -14"><span class='ocrx_word' id='word_1_209' title='bbox 1821 2062 1870 2094; x_wconf 84' lang='lat' dir='ltr'>n.</span> <span class='ocrx_word' id='word_1_210' title='bbox 1920 2058 2033 2108; x_wconf 81' lang='lat'>¹⁴4·</span> 
     </span>
     <span class='ocr_line' id='line_1_36' title="bbox 1763 2124 2032 2170; baseline -0.015 -12"><span class='ocrx_word' id='word_1_211' title='bbox 1763 2124 1873 2170; x_wconf 78' lang='lat'>145·</span> <span class='ocrx_word' id='word_1_212' title='bbox 1920 2126 2032 2170; x_wconf 73' lang='lat'><strong>¹⁴9·</strong></span> 
     </span>
     <span class='ocr_line' id='line_1_37' title="bbox 1765 2183 2038 2237; baseline -0.007 -13"><span class='ocrx_word' id='word_1_213' title='bbox 1765 2183 1873 2237; x_wconf 74' lang='lat'>156.</span> <span class='ocrx_word' id='word_1_214' title='bbox 1920 2187 2038 2235; x_wconf 73' lang='lat'><em>1570</em></span> 
     </span>
    </p>
   </div>
  </div>
 </body>
</html>
