2200 3784
538 138 648 223 “24
806 123 1049 197 1113.
1111 127 1178 199 -1.
1248 69 1494 198 cip,
1570 118 1682 200 11.

545 241 724 319 vitia
762 238 1063 317 maxime
1093 260 1317 336 prona
1345 240 1569 331 :unde
1612 240 1848 315 causas
1871 247 2018 316 tur-2

466 410 475 423 ,
545 340 741 438 pium
795 336 1140 409 fastorum
1184 337 1361 433 saepe
1407 338 1705 423 extitiss'e
1751 339 2015 413 utinam
2106 422 2115 430 ⁸

540 435 1114 529 falsojastaretur
1141 435 1165 508 ’Ξ
1211 436 1571 529 Alteram,
1612 438 1805 534 quod
1836 438 2020 535 quis-

539 534 694 633 quis
737 532 1010 605 futurus
1062 531 1159 604 est
1192 532 1311 607 ille
1342 552 1740 631 praeceptor
1771 588 1796 621 ,
1834 536 2017 608 libe·

535 632 750 704 ralius
776 649 1098 728 tempora
1122 629 1238 702 sua
1278 630 1709 743 impensurus
1744 634 1865 704 uni
1908 634 2018 709 vi-

535 729 784 822 detur,
802 722 1022 828 'quam
1041 728 1090 800 fi
1115 728 1365 802 eadem
1382 754 1456 800 1n
1483 730 1721 828 plures
1748 732 2016 828 partia-

474 918 479 919 *
533 844 673 900 tur.
716 827 917 899 Prior
942 826 1154 902 causa.
1179 827 1455 923 prorsus
1481 828 1737 928 graviS.
1775 829 1961 901 Nam
1982 885 2008 920 ,

527 918 577 998 fi
604 925 836 1000 studiis
862 925 1140 1024 quidem
1168 924 1436 1000 scholas
1461 924 1775 1023 prodesse
1797 981 1820 1018 ,
1850 952 2013 1000 mo·

530 1023 722 1096 ribus
753 1041 989 1097 autem
1026 1047 1293 1097 nocere
1333 1023 1727 1109 constaret,
1765 1025 2009 1122 potior

529 1122 699 1194 mihi
727 1125 911 1194 ratio
944 1121 1237 1196 vivendi
1270 1122 1559 1196 honeste
1579 1177 1604 1215 ‚
1632 1122 1841 1219 quam
1878 1125 2006 1199 vel

530 1219 800 1318 optime
832 1219 1153 1310 dicendi,
1192 1214 1577 1295 videretur.
1647 1220 1786 1293 Sed
1838 1222 2005 1298 mea

527 1318 811 1417 quidem
875 1316 1216 1393 sententia
1259 1356 1294 1404 ,·
1335 1316 1572 1412 junEta·
1601 1316 1730 1391 ista
1779 1336 2003 1418 atque

524 1415 891 1492 indiscreta
925 1414 1101 1489 sunt.
1168 1414 1424 1514 Neque
1456 1417 1642 1494 enim
1677 1416 1811 1490 effe
1836 1442 2004 1492 ora-

527 1530 805 1606 torem,
843 1514 966 1588 nifi
1000 1515 1270 1587 bonum
1303 1514 1537 1591 virum
1558 1570 1581 1607 ,
1611 1513 1884 1608 judico:
1909 1519 1999 1592 &

524 1613 680 1686 fieri
709 1614 920 1689 eti-am
955 1612 1009 1684 fi'
1031 1611 1256 1709 pofl'et
1278 1665 1303 1704 ‚
1342 1615 1541 1687 nolo.
1589 1614 1711 1690 De
1751 1614 1885 1691 hac
1910 1639 1995 1691 re

524 1711 735 1810 igitur
760 1712 970 1807 prius,
1084 1734 1089 1741 ·
1413 1796 1416 1799 ,

629 1831 684 1883 1.
719 1810 1179 1883 CoRRUMm
1211 1831 1445 1883 mores
1469 1808 1542 1879 in
1576 1808 1824 1882 scholis
1852 1836 1996 1907 pu-

519 1922 672 1979 tant
716 1933 735 1978 :
766 1930 928 1977 nam
967 1908 1048 1979 δε
1079 1921 1620 2002 corrumpuntur
1649 1905 1928 1979 interim
1960 1964 1990 2001 ,

514 2003 632 2078 sed
671 2002 864 2076 domi
940 2026 1230 2101 uoqueg
1274 2002 1354 2074 &
1390 2001 1542 2073 sunt
1580 2002 1798 2074 multa
1832 2007 1991 2093 ejus

515 2101 623 2175 rei
662 2028 982 2197 exempqa
1007 2154 1030 2191 ,
1071 2116 1220 2173 tam
1271 2099 1443 2173 laesae
1483 2099 1720 2175 hercle
1770 2102 1986 2200 quam

513 2200 953 2285 conservatae
993 2197 1392 2271 sanffiffime
1421 2198 1803 2299 utrobique
1832 2202 1987 2299 opi-

511 2297 772 2372 nionis.
837 2296 1111 2370 Natura
1152 2296 1480 2397 cujusque
1520 2313 1752 2372 totum
1784 2300 1982 2374 curfi-

507 2424 650 2500 que
694 2396 915 2471 distat.
951 2397 1070 2470 Da
1114 2414 1422 2474 mentem
1466 2396 1555 2470 ad
1604 2396 1847 2495 pejora
1872 2396 1986 2471 fa·-

508 2497 717 2574 cilem
743 2548 769 2580 ‚
798 2496 890 2569 da
923 2495 1410 2593 negligentiam
1456 2495 1805 2570 formandi
1851 2520 1978 2569 cu-

506 2593 990 2688 stodiendique
1028 2593 1101 2662 in
1137 2610 1344 2666 aetate
1374 2592 1597 2689 prima
1632 2593 1920 2691 pudoris
1950 2622 1973 2668 τ

505 2715 652 2764 non
680 2689 1026 2762 minorem
1064 2686 1345 2787 flagitiis
1380 2691 1819 2768 occasionem
1866 2692 1976 2764 se·-

504 2805 697 2864 creta
730 2784 1174 2884 praebuerint.
1215 2788 1400 2861 Nam
1444 2792 1523 2863 &
1564 2790 1699 2865 effe
1742 2788 1972 2887 potest

506 2884 730 2983 turpis
774 2883 1194 2959 domesticus
1222 2884 1339 2961 ille
1375 2894 1802 2986 praceptor:
1830 2911 1966 2964 nec

504 2984 728 3059 tutior
769 2982 953 3056 inter
993 2982 1238 3057 servos
1281 2987 1507 3060 malos
1545 3039 1574 3073 ,
1614 2986 1824 3084 quam
1854 2986 1972 3062 in-

503 3094 771 3187 genuos
811 3082 1056 3183 parum
1092 3081 1486 3181 modestoe,
1514 3086 1974 3257 conversatsi'co

1040 3214 1043 3217 ¹
1704 3214 1710 3221 ⁶
1841 3209 1881 3262 e
1941 3235 1963 3262 ο
