<?xml version="1.0" encoding="UTF-8"?>
<!DOCTYPE html PUBLIC "-//W3C//DTD XHTML 1.0 Transitional//EN"
    "http://www.w3.org/TR/xhtml1/DTD/xhtml1-transitional.dtd">
<html xmlns="http://www.w3.org/1999/xhtml" xml:lang="en" lang="en">
 <head>
  <title>
</title>
<meta http-equiv="Content-Type" content="text/html;charset=utf-8" />
  <meta name='ocr-system' content='tesseract 3.04.00' />
  <meta name='ocr-capabilities' content='ocr_page ocr_carea ocr_par ocr_line ocrx_word'/>
</head>
<body>
  <div class='ocr_page' id='page_1' title='image "./marcifabiiquint00unkngoog_0205.png"; bbox 0 0 2200 3784; ppageno 0'>
   <div class='ocr_carea' id='block_1_1' title="bbox 396 167 1693 269">
    <p class='ocr_par' dir='ltr' id='par_1_1' title="bbox 396 167 1693 269">
     <span class='ocr_line' id='line_1_1' title="bbox 396 167 1693 269; baseline 0.002 -29"><span class='ocrx_word' id='word_1_1' title='bbox 396 169 523 243; x_wconf 75' lang='grc' dir='ltr'>ΑΝ</span> <span class='ocrx_word' id='word_1_2' title='bbox 555 186 824 244; x_wconf 78' lang='lat' dir='ltr'>unus</span> <span class='ocrx_word' id='word_1_3' title='bbox 851 167 1377 243; x_wconf 57' lang='lat' dir='ltr'>Rnssromcm</span> <span class='ocrx_word' id='word_1_4' title='bbox 1554 184 1693 269; x_wconf 73' lang='lat'>143·</span> 
     </span>
    </p>
   </div>
   <div class='ocr_carea' id='block_1_2' title="bbox 166 284 1719 1177">
    <p class='ocr_par' dir='ltr' id='par_1_2' title="bbox 166 284 1719 1177">
     <span class='ocr_line' id='line_1_2' title="bbox 206 284 1700 399; baseline 0.003 -38"><span class='ocrx_word' id='word_1_5' title='bbox 206 285 298 375; x_wconf 80' lang='lat' dir='ltr'>fit</span> <span class='ocrx_word' id='word_1_6' title='bbox 349 285 880 399; x_wconf 78' lang='lat' dir='ltr'>indigniffimum</span> <span class='ocrx_word' id='word_1_7' title='bbox 937 341 962 381; x_wconf 91' lang='lat'>,</span> <span class='ocrx_word' id='word_1_8' title='bbox 1034 286 1110 360; x_wconf 90' lang='lat' dir='ltr'>in</span> <span class='ocrx_word' id='word_1_9' title='bbox 1181 284 1700 377; x_wconf 78' lang='lat' dir='ltr'>accusationem</span> 
     </span>
     <span class='ocr_line' id='line_1_3' title="bbox 218 385 1704 464; baseline 0.003 -3"><span class='ocrx_word' id='word_1_10' title='bbox 218 385 571 461; x_wconf 78' lang='lat' dir='ltr'>orationis</span> <span class='ocrx_word' id='word_1_11' title='bbox 597 402 890 461; x_wconf 89' lang='lat' dir='ltr'>utuntur</span> <span class='ocrx_word' id='word_1_12' title='bbox 918 385 1169 461; x_wconf 85' lang='lat' dir='ltr'>orandi</span> <span class='ocrx_word' id='word_1_13' title='bbox 1187 386 1457 464; x_wconf 83' lang='lat' dir='ltr'>viribus</span> <span class='ocrx_word' id='word_1_14' title='bbox 1490 390 1704 464; x_wconf 88' lang='lat' dir='ltr'>:Elo-</span> 
     </span>
     <span class='ocr_line' id='line_1_4' title="bbox 218 484 1705 585; baseline 0.002 -25"><span class='ocrx_word' id='word_1_15' title='bbox 218 484 591 585; x_wconf 86' lang='lat' dir='ltr'>quentiam</span> <span class='ocrx_word' id='word_1_16' title='bbox 635 485 774 560; x_wconf 85' lang='lat' dir='ltr'>effe</span> <span class='ocrx_word' id='word_1_17' title='bbox 817 509 975 584; x_wconf 81' lang='lat' dir='ltr'>quae</span> <span class='ocrx_word' id='word_1_18' title='bbox 1001 484 1230 583; x_wconf 83' lang='lat' dir='ltr'>poenis</span> <span class='ocrx_word' id='word_1_19' title='bbox 1270 486 1523 585; x_wconf 87' lang='lat' dir='ltr'>eripiat</span> <span class='ocrx_word' id='word_1_20' title='bbox 1551 487 1705 563; x_wconf 88' lang='lat' dir='ltr'>sce-</span> 
     </span>
     <span class='ocr_line' id='line_1_5' title="bbox 222 582 1709 684; baseline 0.003 -27"><span class='ocrx_word' id='word_1_21' title='bbox 222 585 444 658; x_wconf 83' lang='lat' dir='ltr'>lestos</span> <span class='ocrx_word' id='word_1_22' title='bbox 472 639 497 679; x_wconf 91' lang='lat'>,</span> <span class='ocrx_word' id='word_1_23' title='bbox 540 583 737 684; x_wconf 82' lang='lat' dir='ltr'>cujus</span> <span class='ocrx_word' id='word_1_24' title='bbox 787 582 1031 659; x_wconf 87' lang='lat' dir='ltr'>fraude</span> <span class='ocrx_word' id='word_1_25' title='bbox 1070 586 1484 660; x_wconf 83' lang='lat' dir='ltr'>damnentur</span> <span class='ocrx_word' id='word_1_26' title='bbox 1526 583 1709 661; x_wconf 76' lang='lat' dir='ltr'>inte-</span> 
     </span>
     <span class='ocr_line' id='line_1_6' title="bbox 197 682 1708 783; baseline 0.002 -26"><span class='ocrx_word' id='word_1_27' title='bbox 197 682 364 757; x_wconf 82' lang='lat' dir='ltr'>·rim</span> <span class='ocrx_word' id='word_1_28' title='bbox 384 683 605 776; x_wconf 90' lang='lat' dir='ltr'>boni,</span> <span class='ocrx_word' id='word_1_29' title='bbox 646 682 927 761; x_wconf 87' lang='lat' dir='ltr'>confilia</span> <span class='ocrx_word' id='word_1_30' title='bbox 963 683 1308 759; x_wconf 86' lang='lat' dir='ltr'><strong>ducantur</strong></span> <span class='ocrx_word' id='word_1_31' title='bbox 1341 685 1413 755; x_wconf 90' lang='lat' dir='ltr'>in</span> <span class='ocrx_word' id='word_1_32' title='bbox 1453 684 1653 783; x_wconf 80' lang='lat' dir='ltr'>pejus</span> <span class='ocrx_word' id='word_1_33' title='bbox 1681 711 1708 759; x_wconf 72' lang='grc' dir='ltr'><strong><em>ε</em></strong></span> 
     </span>
     <span class='ocr_line' id='line_1_7' title="bbox 224 779 1712 882; baseline 0.001 -26"><span class='ocrx_word' id='word_1_34' title='bbox 224 802 367 856; x_wconf 87' lang='lat' dir='ltr'>nec</span> <span class='ocrx_word' id='word_1_35' title='bbox 405 779 787 858; x_wconf 82' lang='lat' dir='ltr'>seditiones</span> <span class='ocrx_word' id='word_1_36' title='bbox 833 781 1054 858; x_wconf 79' lang='lat' dir='ltr'>modo</span> <span class='ocrx_word' id='word_1_37' title='bbox 1095 782 1459 881; x_wconf 83' lang='lat' dir='ltr'>turbaeque</span> <span class='ocrx_word' id='word_1_38' title='bbox 1486 808 1712 882; x_wconf 91' lang='lat' dir='ltr'>popu-</span> 
     </span>
     <span class='ocr_line' id='line_1_8' title="bbox 166 880 1714 978; baseline 0.003 -26"><span class='ocrx_word' id='word_1_39' title='bbox 166 919 174 926; x_wconf 90' lang='lat'><strong>·</strong></span> <span class='ocrx_word' id='word_1_40' title='bbox 227 881 420 957; x_wconf 84' lang='lat' dir='ltr'>lares</span> <span class='ocrx_word' id='word_1_41' title='bbox 443 936 467 974; x_wconf 87' lang='lat'><strong>,</strong></span> <span class='ocrx_word' id='word_1_42' title='bbox 503 881 627 954; x_wconf 88' lang='lat' dir='ltr'>sed</span> <span class='ocrx_word' id='word_1_43' title='bbox 657 881 844 955; x_wconf 91' lang='lat' dir='ltr'>bella</span> <span class='ocrx_word' id='word_1_44' title='bbox 879 881 1091 956; x_wconf 89' lang='lat' dir='ltr'>etiam</span> <span class='ocrx_word' id='word_1_45' title='bbox 1116 880 1567 978; x_wconf 83' lang='lat' dir='ltr'>inexpiabilia</span> <span class='ocrx_word' id='word_1_46' title='bbox 1592 908 1714 956; x_wconf 83' lang='lat' dir='ltr'>ex-</span> 
     </span>
     <span class='ocr_line' id='line_1_9' title="bbox 228 978 1717 1079; baseline -0.001 -24"><span class='ocrx_word' id='word_1_47' title='bbox 228 978 578 1055; x_wconf 81' lang='lat' dir='ltr'>citentur:</span> <span class='ocrx_word' id='word_1_48' title='bbox 600 980 799 1076; x_wconf 87' lang='lat' dir='ltr'>cujus</span> <span class='ocrx_word' id='word_1_49' title='bbox 817 980 1121 1079; x_wconf 90' lang='lat' dir='ltr'>denique</span> <span class='ocrx_word' id='word_1_50' title='bbox 1140 995 1290 1053; x_wconf 91' lang='lat' dir='ltr'>tum</span> <span class='ocrx_word' id='word_1_51' title='bbox 1313 981 1613 1075; x_wconf 66' lang='lat' dir='ltr'>maxime</span> <span class='ocrx_word' id='word_1_52' title='bbox 1633 982 1717 1054; x_wconf 86' lang='lat' dir='ltr'>fit</span> 
     </span>
     <span class='ocr_line' id='line_1_10' title="bbox 232 1076 1719 1177; baseline 0.002 -26"><span class='ocrx_word' id='word_1_53' title='bbox 232 1076 443 1170; x_wconf 79' lang='lat' dir='ltr'>usuS,</span> <span class='ocrx_word' id='word_1_54' title='bbox 470 1080 629 1153; x_wconf 72' lang='lat' dir='ltr'>cum</span> <span class='ocrx_word' id='word_1_55' title='bbox 657 1102 789 1177; x_wconf 87' lang='lat' dir='ltr'>pro</span> <span class='ocrx_word' id='word_1_56' title='bbox 824 1078 1005 1153; x_wconf 81' lang='lat' dir='ltr'>falsis</span> <span class='ocrx_word' id='word_1_57' title='bbox 1049 1097 1298 1154; x_wconf 88' lang='lat' dir='ltr'>contra</span> <span class='ocrx_word' id='word_1_58' title='bbox 1338 1079 1719 1157; x_wconf 89' lang='lat' dir='ltr'>veritatem</span> 
     </span>
    </p>
   </div>
   <div class='ocr_carea' id='block_1_3' title="bbox 234 1176 2094 1299">
    <p class='ocr_par' dir='ltr' id='par_1_3' title="bbox 234 1176 2094 1299">
     <span class='ocr_line' id='line_1_11' title="bbox 234 1176 2094 1299; baseline -0.001 -46"><span class='ocrx_word' id='word_1_59' title='bbox 234 1176 464 1253; x_wconf 83' lang='lat' dir='ltr'>valet.</span> <span class='ocrx_word' id='word_1_60' title='bbox 483 1177 666 1251; x_wconf 88' lang='lat' dir='ltr'>Nam</span> <span class='ocrx_word' id='word_1_61' title='bbox 683 1178 761 1252; x_wconf 75' lang='grc' dir='ltr'>δι</span> <span class='ocrx_word' id='word_1_62' title='bbox 780 1177 1056 1255; x_wconf 89' lang='lat' dir='ltr'>Socrati</span> <span class='ocrx_word' id='word_1_63' title='bbox 1078 1178 1417 1273; x_wconf 84' lang='lat' dir='ltr'>objiciunt</span> <span class='ocrx_word' id='word_1_64' title='bbox 1434 1177 1719 1271; x_wconf 85' lang='lat' dir='ltr'>cornici,</span> <span class='ocrx_word' id='word_1_65' title='bbox 1738 1177 2094 1299; x_wconf 37' lang='lat' dir='ltr'>‘issffislfsffoffl</span> 
     </span>
    </p>
   </div>
   <div class='ocr_carea' id='block_1_4' title="bbox 0 6 472 126">
    <p class='ocr_par' dir='ltr' id='par_1_4' title="bbox 0 6 472 126">
     <span class='ocr_line' id='line_1_12' title="bbox 0 6 472 126; baseline 0 3658"><span class='ocrx_word' id='word_1_66' title='bbox 0 6 472 126; x_wconf 95' lang='lat' dir='ltr'> </span> 
     </span>
    </p>
   </div>
   <div class='ocr_carea' id='block_1_5' title="bbox 145 1275 2097 3249">
    <p class='ocr_par' dir='ltr' id='par_1_5' title="bbox 145 1275 2097 3249">
     <span class='ocr_line' id='line_1_13' title="bbox 239 1275 1726 1375; baseline -0.001 -27"><span class='ocrx_word' id='word_1_67' title='bbox 239 1275 510 1350; x_wconf 90' lang='lat' dir='ltr'>docere</span> <span class='ocrx_word' id='word_1_68' title='bbox 530 1301 693 1352; x_wconf 87' lang='lat' dir='ltr'>eum</span> <span class='ocrx_word' id='word_1_69' title='bbox 713 1277 1082 1375; x_wconf 87' lang='lat' dir='ltr'>quomodo</span> <span class='ocrx_word' id='word_1_70' title='bbox 1101 1278 1422 1374; x_wconf 81' lang='lat' dir='ltr'>pejorem</span> <span class='ocrx_word' id='word_1_71' title='bbox 1448 1277 1726 1348; x_wconf 88' lang='lat' dir='ltr'>causam</span> 
     </span>
     <span class='ocr_line' id='line_1_14' title="bbox 238 1372 2097 1461; baseline -0.001 -16"><span class='ocrx_word' id='word_1_72' title='bbox 238 1374 616 1450; x_wconf 83' lang='lat' dir='ltr'>meliorem</span> <span class='ocrx_word' id='word_1_73' title='bbox 641 1376 879 1448; x_wconf 90' lang='lat' dir='ltr'>faciat:</span> <span class='ocrx_word' id='word_1_74' title='bbox 907 1379 988 1448; x_wconf 74' lang='grc' dir='ltr'>δε</span> <span class='ocrx_word' id='word_1_75' title='bbox 1019 1390 1269 1448; x_wconf 88' lang='lat' dir='ltr'>contra</span> <span class='ocrx_word' id='word_1_76' title='bbox 1296 1375 1337 1411; x_wconf 73' lang='lat'>⁴*</span> <span class='ocrx_word' id='word_1_77' title='bbox 1358 1372 1615 1444; x_wconf 79' lang='lat' dir='ltr'>Tisiam</span> <span class='ocrx_word' id='word_1_78' title='bbox 1648 1376 1728 1448; x_wconf 78' lang='grc' dir='ltr'>δι</span> <span class='ocrx_word' id='word_1_79' title='bbox 1786 1383 2097 1461; x_wconf 67' lang='lat' dir='ltr'>*Almegz&#39;e</span> 
     </span>
     <span class='ocr_line' id='line_1_15' title="bbox 243 1455 1952 1571; baseline -0.001 -26"><span class='ocrx_word' id='word_1_80' title='bbox 243 1473 595 1571; x_wconf 81' lang='lat' dir='ltr'>Gorgiam</span> <span class='ocrx_word' id='word_1_81' title='bbox 617 1470 860 1543; x_wconf 86' lang='lat' dir='ltr'>fimilia</span> <span class='ocrx_word' id='word_1_82' title='bbox 883 1470 1055 1542; x_wconf 88' lang='lat' dir='ltr'>dicit</span> <span class='ocrx_word' id='word_1_83' title='bbox 1073 1468 1393 1566; x_wconf 87' lang='lat' dir='ltr'>polliceri</span> <span class='ocrx_word' id='word_1_84' title='bbox 1410 1470 1732 1567; x_wconf 73' lang='lat' dir='ltr'>PlatQAEt</span> <span class='ocrx_word' id='word_1_85' title='bbox 1752 1455 1952 1518; x_wconf 74' lang='lat' dir='ltr'>Lyfiam.</span> 
     </span>
     <span class='ocr_line' id='line_1_16' title="bbox 243 1567 1835 1664; baseline -0.002 -21"><span class='ocrx_word' id='word_1_86' title='bbox 243 1570 358 1643; x_wconf 85' lang='lat' dir='ltr'>his</span> <span class='ocrx_word' id='word_1_87' title='bbox 399 1568 741 1663; x_wconf 86' lang='lat' dir='ltr'>adjiciunt</span> <span class='ocrx_word' id='word_1_88' title='bbox 782 1567 1107 1664; x_wconf 86' lang='lat' dir='ltr'>exempla</span> <span class='ocrx_word' id='word_1_89' title='bbox 1149 1568 1557 1641; x_wconf 70' lang='lat' dir='ltr'>Graecorum</span> <span class='ocrx_word' id='word_1_90' title='bbox 1592 1569 1737 1640; x_wconf 84' lang='lat' dir='ltr'>Ro.</span> <span class='ocrx_word' id='word_1_91' title='bbox 1830 1650 1835 1655; x_wconf 50' lang='grc'><em>,</em></span> 
     </span>
     <span class='ocr_line' id='line_1_17' title="bbox 241 1666 1741 1765; baseline -0.001 -25"><span class='ocrx_word' id='word_1_92' title='bbox 241 1666 815 1764; x_wconf 70' lang='lat' dir='ltr'>immotumque,</span> <span class='ocrx_word' id='word_1_93' title='bbox 865 1668 947 1740; x_wconf 90' lang='lat'>&amp;</span> <span class='ocrx_word' id='word_1_94' title='bbox 978 1684 1388 1740; x_wconf 85' lang='lat' dir='ltr'>enumerant</span> <span class='ocrx_word' id='word_1_95' title='bbox 1422 1667 1543 1765; x_wconf 88' lang='lat' dir='ltr'>qui</span> <span class='ocrx_word' id='word_1_96' title='bbox 1584 1690 1741 1764; x_wconf 88' lang='lat' dir='ltr'>per-</span> 
     </span>
     <span class='ocr_line' id='line_1_18' title="bbox 249 1763 1736 1864; baseline 0.001 -26"><span class='ocrx_word' id='word_1_97' title='bbox 249 1763 537 1838; x_wconf 60' lang='lat' dir='ltr'>niciosa</span> <span class='ocrx_word' id='word_1_98' title='bbox 558 1788 705 1838; x_wconf 90' lang='lat' dir='ltr'>non</span> <span class='ocrx_word' id='word_1_99' title='bbox 732 1764 1004 1864; x_wconf 84' lang='lat' dir='ltr'>fingulis</span> <span class='ocrx_word' id='word_1_100' title='bbox 1032 1765 1302 1838; x_wconf 69' lang='lat' dir='ltr'>tantum</span> <span class='ocrx_word' id='word_1_101' title='bbox 1324 1819 1351 1859; x_wconf 83' lang='lat'>‚</span> <span class='ocrx_word' id='word_1_102' title='bbox 1374 1765 1493 1839; x_wconf 91' lang='lat' dir='ltr'>sed</span> <span class='ocrx_word' id='word_1_103' title='bbox 1522 1767 1736 1840; x_wconf 81' lang='lat' dir='ltr'>rebus</span> 
     </span>
     <span class='ocr_line' id='line_1_19' title="bbox 230 1862 1739 1963; baseline 0 -25"><span class='ocrx_word' id='word_1_104' title='bbox 230 1862 479 1938; x_wconf 87' lang='lat' dir='ltr'>·etiam</span> <span class='ocrx_word' id='word_1_105' title='bbox 511 1864 809 1962; x_wconf 85' lang='lat' dir='ltr'>publicis</span> <span class='ocrx_word' id='word_1_106' title='bbox 851 1862 947 1937; x_wconf 87' lang='lat' dir='ltr'>ufi</span> <span class='ocrx_word' id='word_1_107' title='bbox 988 1864 1441 1963; x_wconf 85' lang='lat' dir='ltr'>eloquentia,</span> <span class='ocrx_word' id='word_1_108' title='bbox 1490 1864 1739 1954; x_wconf 79' lang='lat' dir='ltr'>turba-</span> 
     </span>
     <span class='ocr_line' id='line_1_20' title="bbox 230 1961 1736 2054; baseline 0.001 -16"><span class='ocrx_word' id='word_1_109' title='bbox 230 1994 236 1999; x_wconf 95' lang='lat'>·</span> <span class='ocrx_word' id='word_1_110' title='bbox 259 1963 496 2038; x_wconf 85' lang='lat' dir='ltr'>verint</span> <span class='ocrx_word' id='word_1_111' title='bbox 518 1964 885 2040; x_wconf 86' lang='lat' dir='ltr'>civitatum</span> <span class='ocrx_word' id='word_1_112' title='bbox 906 1963 1152 2054; x_wconf 74' lang='lat' dir='ltr'>statuS,</span> <span class='ocrx_word' id='word_1_113' title='bbox 1168 1961 1289 2038; x_wconf 89' lang='lat' dir='ltr'>vel</span> <span class='ocrx_word' id='word_1_114' title='bbox 1304 1963 1690 2037; x_wconf 84' lang='lat' dir='ltr'>everterint</span> <span class='ocrx_word' id='word_1_115' title='bbox 1715 1992 1736 2039; x_wconf 68' lang='grc' dir='ltr'><strong>ε</strong></span> 
     </span>
     <span class='ocr_line' id='line_1_21' title="bbox 263 2061 1744 2161; baseline 0.001 -28"><span class='ocrx_word' id='word_1_116' title='bbox 263 2063 499 2161; x_wconf 78' lang='lat' dir='ltr'>eoque</span> <span class='ocrx_word' id='word_1_117' title='bbox 516 2068 594 2140; x_wconf 88' lang='lat'>&amp;</span> <span class='ocrx_word' id='word_1_118' title='bbox 609 2063 1300 2139; x_wconf 82' lang='lat' dir='ltr'>Lacaedemoniorum</span> <span class='ocrx_word' id='word_1_119' title='bbox 1325 2061 1612 2137; x_wconf 90' lang='lat' dir='ltr'>civitate</span> <span class='ocrx_word' id='word_1_120' title='bbox 1629 2087 1744 2137; x_wconf 86' lang='lat' dir='ltr'>ex·</span> 
     </span>
     <span class='ocr_line' id='line_1_22' title="bbox 271 2144 1742 2259; baseline -0.001 -25"><span class='ocrx_word' id='word_1_121' title='bbox 271 2162 573 2258; x_wconf 83' lang='lat' dir='ltr'>pulsam,</span> <span class='ocrx_word' id='word_1_122' title='bbox 615 2164 694 2235; x_wconf 87' lang='lat'>&amp;</span> <span class='ocrx_word' id='word_1_123' title='bbox 725 2162 1016 2239; x_wconf 84' lang='lat' dir='ltr'>Athenis</span> <span class='ocrx_word' id='word_1_124' title='bbox 1096 2185 1380 2259; x_wconf 85' lang='lat' dir='ltr'>noque,</span> <span class='ocrx_word' id='word_1_125' title='bbox 1405 2144 1742 2235; x_wconf 66' lang='lat' dir='ltr'>ubiaEfor</span> 
     </span>
     <span class='ocr_line' id='line_1_23' title="bbox 270 2260 1747 2353; baseline 0.002 -21"><span class='ocrx_word' id='word_1_126' title='bbox 270 2284 567 2337; x_wconf 86' lang='lat' dir='ltr'>movere</span> <span class='ocrx_word' id='word_1_127' title='bbox 594 2262 871 2335; x_wconf 59' lang='lat' dir='ltr'>affectus</span> <span class='ocrx_word' id='word_1_128' title='bbox 902 2278 1073 2338; x_wconf 88' lang='lat' dir='ltr'>veta</span> <span class='ocrx_word' id='word_1_129' title='bbox 1130 2276 1334 2353; x_wconf 81' lang='lat' dir='ltr'>atur,</span> <span class='ocrx_word' id='word_1_130' title='bbox 1387 2260 1589 2337; x_wconf 82' lang='lat' dir='ltr'>velut</span> <span class='ocrx_word' id='word_1_131' title='bbox 1634 2285 1747 2335; x_wconf 87' lang='lat' dir='ltr'>re·</span> 
     </span>
     <span class='ocr_line' id='line_1_24' title="bbox 272 2358 1241 2455; baseline -0.001 -22"><span class='ocrx_word' id='word_1_132' title='bbox 272 2358 483 2434; x_wconf 86' lang='lat' dir='ltr'>cisam</span> <span class='ocrx_word' id='word_1_133' title='bbox 523 2358 769 2430; x_wconf 88' lang='lat' dir='ltr'>orandi</span> <span class='ocrx_word' id='word_1_134' title='bbox 803 2358 1241 2455; x_wconf 88' lang='lat' dir='ltr'>potestatem.</span> 
     </span>
     <span class='ocr_line' id='line_1_25' title="bbox 375 2454 1751 2551; baseline 0.003 -25"><span class='ocrx_word' id='word_1_135' title='bbox 375 2458 548 2545; x_wconf 83' lang='lat' dir='ltr'>Quo</span> <span class='ocrx_word' id='word_1_136' title='bbox 577 2454 863 2551; x_wconf 78' lang='lat' dir='ltr'>quidem</span> <span class='ocrx_word' id='word_1_137' title='bbox 884 2455 1106 2527; x_wconf 88' lang='lat' dir='ltr'>modo</span> <span class='ocrx_word' id='word_1_138' title='bbox 1140 2481 1273 2532; x_wconf 90' lang='lat' dir='ltr'>nec</span> <span class='ocrx_word' id='word_1_139' title='bbox 1305 2456 1520 2529; x_wconf 86' lang='lat' dir='ltr'>duces</span> <span class='ocrx_word' id='word_1_140' title='bbox 1547 2472 1751 2530; x_wconf 89' lang='lat' dir='ltr'>erunt</span> 
     </span>
     <span class='ocr_line' id='line_1_26' title="bbox 282 2549 1749 2652; baseline 0.003 -30"><span class='ocrx_word' id='word_1_141' title='bbox 282 2549 523 2643; x_wconf 85' lang='lat' dir='ltr'>utiles,</span> <span class='ocrx_word' id='word_1_142' title='bbox 543 2575 675 2625; x_wconf 89' lang='lat' dir='ltr'>nec</span> <span class='ocrx_word' id='word_1_143' title='bbox 695 2552 1132 2652; x_wconf 84' lang='lat' dir='ltr'>magistratus</span> <span class='ocrx_word' id='word_1_144' title='bbox 1148 2609 1172 2648; x_wconf 85' lang='lat'><strong>,</strong></span> <span class='ocrx_word' id='word_1_145' title='bbox 1202 2579 1335 2629; x_wconf 88' lang='lat' dir='ltr'>nec</span> <span class='ocrx_word' id='word_1_146' title='bbox 1355 2553 1698 2628; x_wconf 86' lang='lat' dir='ltr'>medicina</span> <span class='ocrx_word' id='word_1_147' title='bbox 1719 2606 1749 2640; x_wconf 89' lang='lat'>,</span> 
     </span>
     <span class='ocr_line' id='line_1_27' title="bbox 145 2650 1750 2752; baseline 0.001 -27"><span class='ocrx_word' id='word_1_148' title='bbox 145 2716 168 2725; x_wconf 34' lang='lat' dir='ltr'>r</span> <span class='ocrx_word' id='word_1_149' title='bbox 281 2674 418 2724; x_wconf 89' lang='lat' dir='ltr'>nec</span> <span class='ocrx_word' id='word_1_150' title='bbox 475 2650 618 2750; x_wconf 86' lang='lat' dir='ltr'>ipsa</span> <span class='ocrx_word' id='word_1_151' title='bbox 669 2650 971 2752; x_wconf 87' lang='lat' dir='ltr'>denique</span> <span class='ocrx_word' id='word_1_152' title='bbox 1028 2653 1378 2751; x_wconf 86' lang='lat' dir='ltr'>sapientia.</span> <span class='ocrx_word' id='word_1_153' title='bbox 1434 2652 1619 2725; x_wconf 88' lang='lat' dir='ltr'>Nam</span> <span class='ocrx_word' id='word_1_154' title='bbox 1669 2654 1750 2726; x_wconf 79' lang='grc' dir='ltr'>δε</span> 
     </span>
     <span class='ocr_line' id='line_1_28' title="bbox 257 2749 1753 2842; baseline 0.001 -19"><span class='ocrx_word' id='word_1_155' title='bbox 257 2749 470 2836; x_wconf 66' lang='lat' dir='ltr'>dux,</span> <span class='ocrx_word' id='word_1_156' title='bbox 502 2749 920 2839; x_wconf 82' lang='lat' dir='ltr'>Flaminius;</span> <span class='ocrx_word' id='word_1_157' title='bbox 956 2752 1036 2825; x_wconf 86' lang='lat'>&amp;</span> <span class='ocrx_word' id='word_1_158' title='bbox 1061 2750 1407 2842; x_wconf 87' lang='lat' dir='ltr'>Gracchi,</span> <span class='ocrx_word' id='word_1_159' title='bbox 1441 2752 1753 2831; x_wconf 86' lang='lat' dir='ltr'>Saturni-</span> 
     </span>
     <span class='ocr_line' id='line_1_29' title="bbox 263 2848 1756 2963; baseline -0.001 -40"><span class='ocrx_word' id='word_1_160' title='bbox 263 2848 349 2923; x_wconf 79' lang='lat' dir='ltr'>.ni</span> <span class='ocrx_word' id='word_1_161' title='bbox 366 2900 394 2935; x_wconf 89' lang='lat'>‚</span> <span class='ocrx_word' id='word_1_162' title='bbox 412 2849 725 2925; x_wconf 84' lang='lat' dir='ltr'>Glauciae</span> <span class='ocrx_word' id='word_1_163' title='bbox 749 2903 773 2941; x_wconf 87' lang='lat'><strong>,</strong></span> <span class='ocrx_word' id='word_1_164' title='bbox 803 2849 1289 2963; x_wconf 50' lang='lat' dir='ltr'>magistratum</span> <span class='ocrx_word' id='word_1_165' title='bbox 1334 2848 1512 2922; x_wconf 86' lang='lat' dir='ltr'>&amp;in</span> <span class='ocrx_word' id='word_1_166' title='bbox 1536 2848 1756 2924; x_wconf 86' lang='lat' dir='ltr'>medi-</span> 
     </span>
     <span class='ocr_line' id='line_1_30' title="bbox 271 2946 1755 3047; baseline -0.004 -26"><span class='ocrx_word' id='word_1_167' title='bbox 271 2947 376 3021; x_wconf 84' lang='lat' dir='ltr'>cis</span> <span class='ocrx_word' id='word_1_168' title='bbox 396 3001 420 3038; x_wconf 88' lang='lat'>,</span> <span class='ocrx_word' id='word_1_169' title='bbox 437 2972 714 3024; x_wconf 89' lang='lat' dir='ltr'>venena</span> <span class='ocrx_word' id='word_1_170' title='bbox 737 2974 763 3037; x_wconf 83' lang='lat'>3</span> <span class='ocrx_word' id='word_1_171' title='bbox 808 2951 889 3025; x_wconf 86' lang='lat'>&amp;</span> <span class='ocrx_word' id='word_1_172' title='bbox 932 2974 1009 3021; x_wconf 85' lang='lat' dir='ltr'><strong>m</strong></span> <span class='ocrx_word' id='word_1_173' title='bbox 1030 2948 1117 3022; x_wconf 87' lang='lat' dir='ltr'>iis</span> <span class='ocrx_word' id='word_1_174' title='bbox 1141 2947 1267 3047; x_wconf 90' lang='lat' dir='ltr'>qui</span> <span class='ocrx_word' id='word_1_175' title='bbox 1300 2946 1755 3045; x_wconf 87' lang='lat' dir='ltr'>philosopho-</span> 
     </span>
     <span class='ocr_line' id='line_1_31' title="bbox 277 3041 1751 3144; baseline -0.002 -25"><span class='ocrx_word' id='word_1_176' title='bbox 277 3068 435 3119; x_wconf 81' lang='lat' dir='ltr'>rum</span> <span class='ocrx_word' id='word_1_177' title='bbox 470 3046 756 3123; x_wconf 88' lang='lat' dir='ltr'>nomine</span> <span class='ocrx_word' id='word_1_178' title='bbox 787 3046 972 3121; x_wconf 77' lang='lat' dir='ltr'>male</span> <span class='ocrx_word' id='word_1_179' title='bbox 998 3063 1291 3120; x_wconf 89' lang='lat' dir='ltr'>utuntur</span> <span class='ocrx_word' id='word_1_180' title='bbox 1308 3041 1751 3144; x_wconf 59' lang='lat' dir='ltr'>,gravissima</span> 
     </span>
     <span class='ocr_line' id='line_1_32' title="bbox 274 3138 1765 3249; baseline 0 -30"><span class='ocrx_word' id='word_1_181' title='bbox 274 3166 780 3247; x_wconf 73' lang='lat' dir='ltr'>nonnunquam</span> <span class='ocrx_word' id='word_1_182' title='bbox 820 3146 1085 3249; x_wconf 84' lang='lat' dir='ltr'>flagitia</span> <span class='ocrx_word' id='word_1_183' title='bbox 1122 3138 1550 3243; x_wconf 82' lang='lat' dir='ltr'>deprehensa</span> <span class='ocrx_word' id='word_1_184' title='bbox 1571 3138 1765 3229; x_wconf 69' lang='lat' dir='ltr'>sunt..</span> 
     </span>
    </p>
   </div>
  </div>
 </body>
</html>
