2200 3784
311 156 439 228 DE
470 154 712 226 Loc'1s
740 131 1505 224 nomm-tonum.
1550 163 1687 250 315

218 271 490 371 busque
522 268 817 342 discreta
842 266 1042 359 sunt3
1069 291 1202 341 nec
1225 266 1555 363 helopem
1571 290 1696 339 no-

217 369 364 442 stro
391 367 610 460 mari,
642 384 762 439 aut
788 364 1060 437 scarum
1099 363 1312 438 ducas
1343 392 1363 438 ε
1398 366 1498 437 ita
1546 390 1695 438 non

221 492 435 541 omne
509 480 993 564 argumentum
1054 461 1364 561 undique
1431 462 1628 538 venit
1656 519 1693 554 ‚

221 564 538 664 ideoque
582 587 730 636 non
781 559 1017 659 paffim
1068 560 1518 657 quaerendum
1566 559 1690 632 est.

225 663 496 737 Multus
528 659 793 760 alioqui
820 682 1021 734 error
1051 658 1150 731 est
1172 713 1199 750 ,
1238 662 1320 734 &
1355 655 1695 744 exhausto

224 762 471 835 labore
487 816 512 854 ,
532 761 725 859 quod
746 783 890 831 non
912 755 1190 830 ratione
1211 754 1697 847 scrutabimur,

227 885 375 936 non
404 859 792 957 poterimus}
813 852 1134 931 invenire
1158 853 1278 925 nifi
1316 853 1494 928 casu.
1524 855 1617 927 At
1645 854 1696 926 fi

223 958 583 1033 scierimus
621 956 744 1029 ubi
789 953 1092 1053 quicque
1125 951 1445 1023 nascatur
1467 1008 1491 1042 ,
1538 952 1723 1042 cum!

227 1058 322 1130 ad
353 1056 593 1128 locum
623 1069 918 1128 ventum
958 1050 1090 1123 erit
1113 1101 1139 1143 ‚
1171 1049 1375 1125 facile
1403 1050 1596 1148 quod
1621 1048 1699 1121 in

233 1175 327 1228 eo
359 1153 495 1227 erit
515 1208 539 1245 ‚
569 1148 1125 1251 pervidebimus.

339 1276 401 1327 1.
443 1253 823 1324 INPR1M18
849 1247 1061 1345 igitur
1084 1249 1495 1341 argumenta
1521 1245 1698 1341 saepe

230 1352 276 1423 ὲ
305 1348 604 1449 persona
650 1345 968 1418 ducenda
1015 1340 1220 1413 sunt:
1256 1342 1414 1415 cum
1438 1342 1574 1432 fit,
1621 1358 1704 1415 ut

230 1448 431 1537 dixi,
471 1443 722 1519 divifio
752 1497 776 1534 ‚
826 1459 908 1514 ut
952 1443 1188 1512 omnia
1240 1438 1315 1509 in
1361 1439 1508 1515 haee
1555 1442 1701 1513 duo
1728 1460 1845 1515 pag.
1867 1446 2005 1514 308:

232 1545 663 1643 partiamur,
713 1565 822 1614 res
850 1594 872 1633 ‚
922 1555 1137 1636 atque
1181 1536 1513 1635 personas
1550 1566 1572 1626 3
1625 1556 1708 1613 ut

234 1641 439 1718 causa
458 1693 482 1731 ‚
506 1658 781 1737 tempus
802 1693 824 1729 ,
848 1638 1046 1711 locus
1070 1691 1092 1727 ,
1118 1635 1391 1708 occafio
1416 1689 1438 1726 ‚
1462 1636 1709 1710 instru-

231 1757 552 1814 mentum
575 1791 599 1827 ‚
643 1738 893 1811 modus
920 1789 942 1828 ‚
995 1736 1076 1807 ὃ(
1119 1739 1370 1807 cae'tera
1396 1785 1422 1819 ,
1463 1759 1705 1809 rerum

233 1839 362 1910 fint
411 1835 826 1909 accidentia.
854 1857 882 1886 α
914 1832 1255 1907 Personis·
1280 1849 1517 1905 antem
1556 1858 1703 1907 non

235 1934 571 2034 quicquid
616 1934 920 2026 accidit,
957 1931 1469 2031 ‘exequendum
1527 1931 1706 2007 mihi

227 2033 338 2107 est
361 2087 385 2124 ,
440 2051 518 2105 ut
561 2032 880 2130 plerique
933 2030 1254 2106 fecerunt
1277 2085 1302 2122 ,
1345 2030 1464 2104 sed
1514 2031 1705 2106 unde

232 2148 640 2231 argumenta
665 2132 840 2203 sumi
870 2131 1173 2229 poffunn

259 2313 266 2318 ,
334 2233 435 2303 Ea
461 2253 682 2327 porro
709 2229 862 2300 sunt
889 2230 915 2276 ὅ
941 2229 1213 2302 Genus.
1248 2229 1432 2298 Nam
1455 2225 1705 2299 similet

223 2326 642 2425 parentibus
679 2349 766 2395 ac
800 2322 1184 2411 majoribus
1226 2324 1362 2394 suis
1399 2322 1522 2393 filii
1563 2323 1710 2417 ple·

235 2447 536 2520 rumque
581 2421 956 2494 creduntur
997 2445 1014 2489 ε
1065 2425 1144 2494 &
1201 2427 1709 2515 nonnunquam

241 2521 332 2593 ad
361 2519 644 2592 honeste
670 2518 1109 2618 turpiterque
1131 2516 1520 2595 vivendum
1540 2516 1708 2591 inde

241 2618 463 2698 causae
502 2617 751 2691 fluunt.

269 2840 300 2870 a
317 2823 564 2879 Quoniam
583 2819 680 2869 loci
700 2833 949 2885 argumen-

239 2899 405 2935 totum
424 2886 550 2934 ὼιᾶὶ
572 2884 651 2934 vel
666 2884 693 2932 ὲ
709 2885 917 2947 personis
929 2914 945 2939 ,

237 2948 318 2999 vel
338 2949 367 2997 εὶ
386 2951 519 2998 rebus
537 2982 553 3006 ,
576 2953 627 2997 in
658 2948 831 2998 scholis
865 2958 943 2994 ta·

242 3012 338 3062 titis
391 3016 581 3062 uastari
633 3014 783 3062 solent
821 3043 838 3068 ,
896 3015 948 3059 δε

996 2817 1021 2867 ὲ
1065 2816 1247 2868 Tuliio.
1303 2816 1423 2866 Loci
1459 2854 1475 2878 ‚
1515 2818 1600 2883 qui
1632 2817 1705 2866 se-

996 2898 1233 2950 quuntut,
1257 2880 1386 2931 duffl
1405 2882 1435 2931 ἁ
1446 2879 1664 2948 personis
1683 2914 1706 2937 ‚

997 2952 1233 3011 pertinent
1252 2949 1315 2997 ad
1337 2945 1577 3009 adjunfla.

1042 3009 1072 3059 b
1111 3008 1285 3060 Genus.
1312 3017 1448 3059 Verr·
1476 3028 1527 3070 7.
1548 3026 1598 3060 n,
1629 3025 1704 3072 30·-

997 3078 1049 3125 δε
1091 3090 1206 3139 ¹39·
1228 3092 1316 3141 pro
1337 3082 1460 3125 Sext.
1486 3091 1534 3123 n.
1562 3082 1615 3126 6.

1349 3197 1522 3294 Oij

241 3075 468 3139 exemplis
506 3076 751 3129 illustram
787 3077 949 3125 citabo

241 3144 297 3193 in
331 3138 525 3206 finguus
558 3141 775 3207 exempla
810 3138 949 3190 ducta
