2200 3784
495 168 637 245 DE
705 172 1384 244 EGRESSIONE.
1467 207 1475 218 ‚
1540 195 1676 267 271

206 313 298 367 ca
321 287 500 364 mihi
516 287 605 360 de
636 286 1072 385 quorundam
1094 284 1430 382 opinione
1454 286 1691 362 dicen·

203 390 298 464 da
323 389 498 462 sunt.

297 487 749 573 Pmmsqmz
774 482 988 556 moris
1012 480 1137 573 est,
1153 483 1433 579 prolato
1451 503 1690 554 rerum

213 584 467 659 ordine
509 583 827 680 protinus
870 581 1119 679 utique
1146 581 1220 652 in
1240 581 1543 680 aliquem
1575 579 1690 651 lae-

215 701 370 756 tum
421 699 633 781 atque
691 679 1122 778 plaufibilem
1176 680 1417 753 locum
1477 678 1687 776 quam

211 779 515 856 maxime
595 779 795 852 offint
836 776 1327 853 favorabiliter
1369 800 1691 851 excurre-

212 904 316 953 re.
341 881 510 973 Quo
587 877 879 975 quidem
906 891 1146 948 natum
1174 876 1266 947 ab
1287 873 1694 948 ostentatio-

212 1001 304 1050 ne
339 973 843 1051 declamatoria
865 1027 890 1065 ,
916 970 1056 1066 jam
1086 972 1160 1044 in
1189 971 1423 1045 forum
1447 973 1647 1046 venit
1666 1022 1689 1060 ‚

210 1075 582 1173 postquam
624 1095 836 1172 agere
870 1071 1105 1148 causas
1141 1094 1283 1145 non
1311 1073 1400 1145 ad
1429 1070 1695 1143 utilita-
1762 1165 1769 1169 „

121 1251 128 1258 ,
212 1191 362 1245 tem
407 1172 832 1270 litigatorum
858 1224 883 1261 ‚
921 1169 1038 1244 sed
1090 1170 1182 1241 ad
1227 1188 1691 1267 patronorum

210 1267 658 1365 {astationem
687 1285 1043 1366 repertum
1077 1266 1217 1338 est:
1261 1293 1348 1340 ne
1375 1269 1420 1339 s1
1446 1267 1688 1363 preffae

213 1367 322 1440 illi
350 1380 387 1455 s
406 1368 632 1467 qualis
661 1366 900 1461 saepius
930 1363 1397 1464 defideratur)
1449 1387 1691 1436 narra·-

211 1464 425 1538 tionis
449 1462 827 1563 gracilitati
857 1457 1222 1554 conjunssa
1249 1478 1692 1560 argumento-

215 1585 375 1634 rum
423 1559 824 1659 pugnacitas
857 1557 1068 1632 fuerit
1092 1611 1117 1648 ‚
1159 1558 1389 1632 dilatis
1425 1558 1690 1634 diutius

211 1658 500 1731 dicendi
512 1655 992 1753 voluptatibus
1011 1655 1243 1729 oratio
1268 1653 1689 1755 refrigescat.

314 1757 394 1828 In
439 1779 583 1852 quo
627 1753 889 1829 vitium
932 1753 1104 1827 illud
1144 1754 1243 1827 est
1270 1809 1293 1847 ,
1332 1755 1525 1855 quod
1548 1756 1691 1829 fine

215 1852 613 1927 discrimine
654 1851 1012 1927 causarum
1059 1870 1274 1953 atque
1332 1852 1689 1947 utilitatis,

220 1953 400 2042 hoc,
447 1950 781 2050 tanquam
830 1950 1099 2050 semper
1148 1952 1512 2051 expediat,
1567 1970 1690 2027 aut

211 2048 430 2125 etiam
455 2049 728 2123 neceffe
761 2048 885 2141 fit,
931 2048 1238 2125 faciunt:
1276 2051 1513 2152 eoque
1552 2053 1686 2125 de-
1754 2104 1761 2108 -

208 2147 513 2247 sumptas
545 2173 634 2223 ex
658 2147 766 2224 his
790 2149 1143 2246 partibu3‚'
1173 2174 1469 2248 quarum
1504 2149 1687 2225 alius
1731 2183 1736 2187 ·

212 2264 369 2321 erat
399 2247 642 2333 locta,
675 2244 1048 2319 sententias
1094 2246 1171 2317 in
1211 2246 1393 2321 hanc
1425 2271 1690 2345 conge-

213 2359 376 2417 runt
403 2396 428 2433 ,
467 2360 547 2414 ut
585 2341 882 2438 plurima
932 2360 1050 2413 aut
1092 2342 1351 2416 iterum
1392 2344 1691 2417 dicenda

213 2440 343 2512 fint
366 2494 390 2529 ‚
441 2455 562 2510 aut
595 2437 759 2535 quia
787 2436 1022 2512 alieno
1054 2438 1229 2511 loco
1266 2438 1445 2514 dista
1488 2439 1645 2512 sunt
1667 2493 1692 2531 ‚

214 2535 359 2610 dici
386 2534 513 2609 suo
538 2558 683 2608 non
708 2533 981 2634 poffint.
1638 2601 1667 2624 ,.

308 2636 463 2733 Ego
486 2651 724 2708 autem
749 2631 1094 2709 confiteor
1117 2633 1265 2707 hoc
1291 2633 1694 2734 expatiandi

205 2756 430 2832 genus
479 2752 628 2806 non
667 2733 886 2806 modo
933 2731 1321 2807 narrationi
1361 2735 1643 2833 quidem
1662 2789 1687 2829 ,

210 2831 335 2905 sed
378 2829 594 2905 etiam
642 2831 1129 2931 quaestionibus
1160 2831 1279 2907 vel
1312 2833 1691 2925 univerfiS,

210 2928 337 3003 vel
377 2927 654 3002 interim
706 2928 980 3027 {iugulis
1032 2955 1079 3003 o
1133 2932 1439 3029 portune
1489 2931 1689 3029 poffe

197 3023 528 3136 'subjungi
551 3080 573 3116 ‚
607 3029 763 3101 cium
804 3051 915 3100 res
958 3051 1054 3124 po
1117 3028 1310 3119 alat,
1339 3046 1462 3102 aut
1495 3030 1688 3102 certo

214 3139 605 3223 permittit:
632 3140 844 3222 atque
889 3149 981 3199 eo
1020 3126 1140 3203 vel
1134 3125 1479 3293 lxtiuflxime
1528 3126 1688 3202 illu-

1247 3246 1329 3298 ιν
1513 3245 1521 3264 ’-
