2200 3784
532 137 634 229 ’46
774 195 782 201 .
892 136 1085 206 Lrn.
1149 133 1202 203 Ι.
1260 132 1481 206 CAP.
1543 132 1635 207 V.

479 329 485 337 ,
529 254 817 332 cantas,
866 255 1025 318 male
1055 271 1278 319 cantas
1324 277 1350 320 .·
1392 249 1472 346 si
1436 251 1652 414 zSegis
1680 298 1707 334 ‚
1757 273 2031 325 cantas.
2060 244 2069 255 ⁸

531 349 686 421 Nec
713 344 1298 456 Prosopopoeias‚
1318 362 1396 415 ut
1417 370 1509 442 qu
1539 345 1844 417 busdam
1869 349 2034 443 pla-

532 462 694 533 cet,
712 444 813 515 ad
841 443 1191 516 comicum
1233 467 1503 514 morem
1550 444 2032 540 pronuntiari

530 540 798 616 velim:
832 539 968 614 effe
1013 558 1250 611 tamen
1274 539 1543 651 flexum
1566 545 1983 637 quemdam
2000 595 2031 635 ,

530 662 677 736 quo
742 636 1239 734 distinguantur
1306 638 1397 710 ab
1458 637 1544 710 iis
1611 639 1686 710 in
1739 640 2036 738 quibus

526 752 745 833 poeta
785 734 1076 833 persona
1122 734 1242 806 sua
1282 752 1543 808 utetur.

627 834 906 906 Caetera
935 830 1414 919 admonitione
1445 856 1696 930 magna
1731 851 2027 932 egent.

528 910 616 1004 in
650 929 934 1026 primis,
963 949 1042 1007 ut
1074 949 1331 1002 tenerae
1370 950 1635 1001 mentes
1673 932 2034 1019 ,uacui-4
2152 992 2161 1003 ,

531 1030 766 1124 raeque
799 1027 1003 1138 altius
1039 1027 1371 1139 quicquid
1405 1027 1692 1106 rudibus
1733 1028 1817 1107 ὅ(
1853 1053 2024 1101 om·

528 1129 720 1203 nium
746 1125 995 1223 ignaris
1025 1124 1392 1237 insederit,
1419 1150 1563 1197 non
1590 1124 1819 1199 modo
1851 1152 2021 1223 quae

530 1223 810 1313 diserta,
829 1222 946 1295 sed
968 1223 1082 1296 vel
1106 1223 1330 1333 magis
1336 1248 1492 1319 quae
1507 1220 1800 1299 honesta
1820 1223 2020 1314 sunt,

529 1320 819 1399 discant.
847 1318 1160 1417 Ideoque
1187 1319 1870 1415 optimeinstitutum
1890 1320 2024 1412 est,
2036 1384 2043 1389 ,

527 1435 610 1491 ut
636 1416 722 1489 ab
749 1417 1068 1491 Homero
1098 1436 1308 1516 atque
1335 1416 1635 1515 Virgilio
1663 1418 1937 1490 lestio
1916 1444 2024 1489 ιιι-

532 1514 853 1613 ciperet.
895 1540 1305 1629 quanquam
1364 1516 1452 1587 ad
1506 1516 2019 1624 intelligendas

531 1638 781 1686 eorum
842 1613 1134 1687 virtutes
1184 1612 1486 1685 firmiore
1514 1610 1778 1708 judicio
1823 1638 2018 1713 opus

531 1710 721 1789 effet.
761 1712 898 1782 Sed
946 1710 1107 1783 huic
1160 1711 1261 1783 rei
1314 1709 1619 1804 superest
1668 1730 2014 1821 tempuS.

529 1833 662 1885 nec
693 1807 891 1879 enim
931 1807 1140 1879 semel
1194 1807 1534 1918 legentur.
1582 1809 1877 1881 Interim
1927 1813 2016 1884 δι’.

501 1903 945 1981 ·fi1blimitate
971 1902 1236 1976 heroici
1257 1902 1572 1976 carminis
1601 1903 1877 1978 animus
1909 1906 2017 1978 afi-

529 2001 808 2098 surgat,
843 2002 921 2071 &
955 2025 1041 2072 ex
1070 1988 1544 2110 magnitudine
1590 2023 1825 2078 rerum
1864 2001 2016 2100 spi-

531 2099 739 2172 ritum
767 2098 1030 2187 ducat,
1061 2099 1137 2171 &
1168 2094 1456 2205 optimis
1484 2095 1868 2179 imbuatur.

628 2195 854 2268 Utiles
880 2191 1299 2306 Tragoedia.
1343 2195 1554 2277 Alunt
1590 2197 1667 2268 &
1713 2195 2004 2295 Lyrici.

530 2295 583 2367 fi
623 2312 856 2367 tamen
901 2291 974 2363 in
1015 2293 1121 2364 his
1164 2314 1308 2363 non
1358 2292 1676 2364 austores
1726 2297 1954 2369 modo
1979 2349 2009 2388 ,

532 2391 652 2466 sed
700 2390 913 2464 etiam
945 2410 1177 2488 partes
1206 2391 1439 2487 operis
1465 2390 1783 2490 elegeris.
1812 2394 2006 2465 Nam

539 2493 621 2565 &
652 2490 881 2563 Graeci
910 2490 1198 2563 licenter
1225 2489 1485 2579 multa,
1516 2491 1591 2562 &
1622 2490 2005 2567 Horatium
2124 2568 2127 2573 ,

536 2586 610 2660 in
636 2585 1043 2696 quibusdam
1068 2584 1288 2685 nolim
1336 2587 1807 2681 interpretari.
1837 2588 2009 2658 Ele-

534 2683 649 2780 gia
680 2684 911 2765 vero,
944 2682 1188 2780 utique
1224 2707 1379 2778 quae
1422 2699 1658 2772 amat,
1691 2687 1763 2758 δι
1806 2672 2006 2754 Hen-

535 2777 979 2876 decasyllaba
1012 2833 1037 2872 ,
1101 2777 1354 2876 quibus
1403 2776 1611 2851 sunta
1638 2794 2000 2852 commata

596 2927 816 2976 aversus
834 2924 1037 2975 Samaei
1057 2928 1238 2976 crebras
1290 2927 1485 2974 carmini
1492 2942 1511 2973 s
1539 2939 1713 2990 genus,
1733 2926 1810 2984 vol
1831 2908 2001 2975 ιὶἰιτοι-Ι

538 2989 716 3041 habent
747 2990 975 3043 caesuras,
996 2994 1047 3039 &
1071 2994 1126 3040 in
1158 2992 1238 3040 sua
1290 2992 1409 3041 sum.
1460 2994 1606 3041 Porro
1641 3006 1710 3037 res
1743 2992 1807 3039 ob
1810 2991 1996 3045 [αα-ηας

536 3052 734 3118 vestigia
779 3053 1039 3102 retrorsum
1082 3069 1237 3104 tecut·
1289 3054 1564 3117 plerumque
1595 3055 1811 3103 trabunt
1841 3052 1908 3102 Τιι
1880 3070 1995 3103 um

538 3129 681 3183 sunt,
697 3114 1094 3185 efficiuntqueaeel
1108 3117 1242 3171 adem
1288 3125 1430 3174 vetat
1464 3119 1632 3172 Fabius
1659 3117 1766 3173 dan
1792 3117 1996 3187 legend}

2050 3228 2085 3281 l
