2200 3784
502 132 641 208 392
798 107 856 179 L
887 125 916 177 1
954 104 1221 184 n.,V1.
1300 101 1552 179 CAP.
1592 175 1611 184 ,
1646 103 1711 179 1.

493 251 588 299 ne
622 221 780 323 quis
816 221 938 296 nifi
982 221 1262 296 summis
1294 221 1569 320 ingenii
1602 221 1939 297 viribus
1963 216 2065 294 ad

496 321 892 399 movendas
946 321 1295 420 lacrymas
1348 321 1647 420 aggredi
1712 321 2060 394 audeat.
2118 349 2143 374 w

496 422 685 496 Nam
720 438 798 494 ut
832 417 929 494 est
952 418 1162 517 longe
1182 418 1884 493 vehementissimus
1922 417 2061 491 hie

496 521 660 597 dnn
703 517 1001 594 invaluit
1040 515 1321 591 affefihts
1346 573 1371 608 ,
1405 516 1503 592 ita
1533 517 1589 588 fi
1636 518 1845 590 nihil
1880 515 2056 591 effi-

497 617 624 708 cit,
645 630 881 715 tepet:
910 640 1123 717 quem
1151 614 1400 689 meliits
1433 613 1783 689 infirmus
1820 615 2050 688 ειᾶοι·

497 711 733 789 ta'citis
753 714 1065 811 judicum
1108 712 1666 813 cogitationibus
1688 711 2052 813 reliquis-

497 809 832 889 set.Nam
854 817 933 890 &
952 812 1191 890 vultus
1213 866 1236 906 ,
1257 812 1506 886 &vox
1525 865 1549 902 ,
1580 815 1668 885 &
1694 811 1876 909 ipsa
1905 811 2041 884 ina

496 911 797 988 excitati
836 910 939 985 rei
963 910 1221 1001 facies»,
1250 908 1558 990 ludibrio
1585 909 1840 982 etiam
1876 911 2037 1009 ple·

501 1013 799 1109 rumque
832 1008 986 1081 sunt
1017 1007 1416 1081 hominibus
1438 1031 1626 1107 quos
1648 1033 1822 1082 non
1859 1032 2034 1107 per·
2138 1031 2147 1040 ·

502 1124 915 1186 moverunt.
954 1108 1198 1201 Quare
1225 1106 1560 1180 metiatur
1586 1132 1679 1181 ac
1705 1108 2032 1206 diligen·

506 1222 621 1280 ter
636 1205 923 1284 aestimet
948 1207 1135 1280 vires
1157 1204 1308 1278 suas
1341 1204 1533 1280 after
1559 1229 1583 1291 ;
1614 1205 1703 1277 &
1725 1259 1755 1296 ,
1784 1230 2030 1303 quan-

508 1322 659 1380 tum
704 1330 884 1380 onus
927 1304 1274 1378 subiturus
1301 1301 1380 1376 fit
1403 1357 1427 1394 ‚
1457 1301 1856 1401 intelligat.
1880 1304 1959 1382 N
1960 1302 2023 1374 i-

506 1405 605 1477 hil
652 1404 867 1478 habet
927 1402 1052 1477 ista
1099 1427 1213 1477 res
1268 1401 1583 1475 medium
1618 1456 1642 1492 ‚
1697 1400 1837 1475 sed
1888 1416 2027 1478 aut

509 1503 658 1577 laer
712 1526 858 1575 mas
901 1517 1218 1575 meretur
1247 1554 1271 1591 ,
1306 1513 1427 1574 aut
1471 1498 1720 1572 risum.

674 1626 771 1674 on
799 1603 1516 1675 autem'commovere
1548 1591 1846 1671 tantiuh
1875 1598 2016 1674 mi-

510 1699 937 1773 serationem
968 1752 992 1790 ,
1031 1697 1149 1773 sed
1178 1696 1392 1773 etiam
1420 1696 1781 1770 discutere
1806 1754 1833 1791 ‚
1862 1696 2005 1796 epi-

510 1795 659 1898 logi
679 1796 778 1873 est
797 1795 1162 1896 proprium
1183 1852 1207 1889 ,
1239 1797 1397 1871 cam
1417 1794 1753 1868 oratione
1768 1797 2012 1892 conti·-

511 1921 677 1985 nua,
700 1922 856 1992 quae
884 1913 1122 1970 motos
1142 1894 1471 1996 lacrymis
1495 1891 1888 1988 judicesad
1902 1896 2005 1992 ju-

512 1991 768 2066 stitiam
793 1993 1087 2068 reducat
1105 2048 1129 2085 ,
1157 2011 1311 2070 tum
1333 1993 1542 2068 etiam
1569 1992 1997 2091 quibusdam

513 2088 796 2171 urbane,
831 2089 1025 2166 dictis
1051 2117 1076 2180 3
1135 2092 1343 2193 quale
1392 2092 1531 2172 est:
1569 2098 1760 2186 Date
1794 2123 2000 2189 puero

434 2260 454 2278 ,
503 2216 742 2288 panem
770 2240 797 2276 ,
830 2218 906 2262 ne
924 2196 1151 2287 ploret.
1185 2195 1271 2265 Et
1315 2191 1734 2290 corpulento
1767 2191 1996 2293 litiga-

519 2288 662 2363 tori
680 2344 704 2381 ,
728 2287 924 2385 cujus
951 2287 1386 2366 adversarius
1413 2289 1583 2363 item
1606 2315 1788 2388 puer
1811 2292 1992 2367 circa

520 2386 788 2484 judices
820 2406 971 2464 erat
1002 2388 1089 2461 ab
1121 2389 1476 2463 advocato
1519 2387 1701 2463 latus
1742 2401 1769 2462 ε’
1811 2395 2000 2488 Quid

506 2488 763 2581 faciam
793 2491 832 2559 ,Ρ
859 2491 1007 2583 Ego
1031 2512 1087 2558 te
1113 2488 1394 2579 bajulare
1432 2513 1563 2560 non
1585 2487 1869 2585 poſjutn.

621 2584 760 2658 Sed
781 2584 929 2656 haec
958 2599 1201 2658 tamen·
1236 2582 1666 2676 non'debent
1704 2587 1842 2661 effe
1864 2590 1983 2661 mi·

525 2680 736 2758 mica.
762 2683 862 2754 Ita
888 2680 1334 2780 neque‘illum
1353 2681 1805 2780 probaverim
1829 2742 1849 2778 ,
1865 2685 1979 2786 qui

528 2781 713 2856 inter
741 2779 1142 2864 c'lariflimos
1165 2779 1262 2852 sui
1296 2780 1631 2876 temporis
1671 2773 2001 2860 oratores*

529 2879 689 2972 fuit,
712 2878 832 2979 qui
853 2879 1083 2977 pueris
1104 2879 1172 2951 in
1202 2876 1561 2990 epilogum
1580 2880 1945 2975 'produffis
1961 2940 1985 2976 ‚

532 2981 717 3054 ta10s
744 2976 1038 3076 projecit
1072 2978 1142 3050 in
1171 2976 1476 3060 meda-lm
1504 3032 1526 3067 ,
1567 3001 1748 3074 quos
1777 2979 1873 3054 illi
1897 2983 1991 3056 di·
2062 3002 2071 3006 ·
2118 2945 2159 3066 'j

531 3078 761 3179 ripere
783 3092 1171 3180 coeperunt.
1191 3076 1516 3188 Namque
1536 3075 1682 3160 haec
1705 3075 1847 3174 ipsa
1862 3079 1994 3174 glis-3

2154 1983 2160 2022 l

1668 3431 2160 3751 „A
