2200 3784
446 90 596 165 ²74
703 69 929 160 Lm.
993 72 1135 148 tv.
1200 73 1436 148 cn.
1501 71 1642 145 111.

134 198 188 233 ’¹⁶
232 185 279 233 ⁸·
318 184 412 239 ὗε·
443 206 556 270 tus
581 211 606 274 ;
632 210 764 282 pro
790 191 861 259 L.
897 190 1240 264 Cornelio
1263 186 1622 289 popularis
1642 185 1766 261 illa
1787 187 1935 264 vir-⁴

443 303 674 359 tutum
726 286 859 360 Cn.
919 286 1241 384 Pompeii
1292 285 1931 364 commemoratio:

443 384 518 458 in
551 408 760 482 quam
795 383 912 457 ille
941 385 1222 461 divinus
1251 403 1539 476 orator,
1560 384 1761 459 velut
1789 406 1934 457 no·
2015 384 2025 391 ’

445 481 632 560 mine
665 480 815 578 ipso
839 483 1035 558 ducis
1064 484 1295 559 cursus
1327 483 1608 557 dicendi
1639 502 1935 557 tenere-

445 597 602 670 tur,
628 579 930 693 abrupto
956 607 1171 680 quem
1193 582 1657 658 inchoaverat
1672 580 1941 654 sermo-

446 701 538 750 ne
573 677 866 751 divertit
897 681 1228 754 astutum.

546 775 917 872 Παρέκξαα-ις
955 776 1055 850 est
1108 776 1241 875 (ut
1277 800 1433 852 mea
1552 776 1740 850 idem
1785 775 1935 852 brt

449 872 750 974 opinio)
791 874 1033 947 alienae
1068 876 1213 967 rei,
1254 874 1376 953 sed
1417 901 1457 949 a
1547 873 1934 950 utilitatem

449 971 671 1048 causae
706 971 1114 1070 pertinentis
1138 1028 1162 1065 ‚
1187 990 1385 1046 extra
1413 973 1738 1046 ordinem
1759 995 1931 1070 pro-

448 1093 735 1146 currens
760 1068 1104 1141 tractatiO.
1142 1072 1602 1168 Quapropter
1640 1094 1783 1143 non
1806 1068 1932 1143 vi-

449 1167 591 1241 deo
616 1191 741 1249 cur
765 1166 949 1242 hunc
966 1167 1040 1243 ei
1066 1168 1489 1267 potiffimum
1509 1167 1750 1241 locum
1775 1166 1928 1239 affi-

447 1282 661 1367 gnent
680 1321 703 1358 ,
764 1265 886 1379 qui
932 1291 1170 1350 rernm
1215 1265 1535 1341 ordinem
1567 1264 1876 1365 sequitur
1899 1292 1924 1339 t

449 1388 597 1437 non
624 1390 841 1465 magis
875 1365 1086 1477 quam
1119 1365 1290 1440 illud
1310 1420 1333 1457 ,
1364 1391 1490 1439 cur
1519 1364 1659 1437 hoc
1682 1363 1783 1437 ita
1805 1363 1931 1437 de·

448 1487 649 1537 mum
672 1487 1033 1562 proprium
1064 1482 1351 1563 putent,
1377 1462 1428 1535 fi
1452 1460 1713 1562 aliquid
1735 1459 1809 1533 in
1825 1460 1930 1534 di-

445 1560 680 1659 greffu
705 1561 785 1634 fit
816 1564 1309 1659 exponendum
1326 1616 1350 1654 ,
1378 1561 1537 1637 cum
1565 1576 1676 1634 tot
1694 1557 1928 1634 modis

450 1661 496 1730 a
536 1659 725 1732 resto
782 1657 1032 1733 itinere
1081 1660 1383 1736 declinet
1416 1659 1674 1735 oratio·
1739 1656 1930 1735 Nam

452 1755 794 1856 quicquid
840 1755 1099 1831 dicitur
1137 1774 1390 1856 praeter
1423 1757 1581 1832 illas
1664 1754 1927 1854 uinque

453 1854 674 1950 (quas
716 1851 1014 1925 fecimus
1105 1871 1338 1949 partes
1367 1905 1390 1942 ‚
1439 1879 1608 1951 egre
1662 1878 1737 1925 ιο
1774 1851 1874 1927 est
1901 1878 1931 1940 3

449 1947 838 2045 indignatio
859 1999 882 2036 ‚
910 1948 1007 2019 mi
1037 1947 1266 2021 erario
1282 2000 1309 2039 ,ψ
1335 1948 1606 2023 invidia
1625 2002 1649 2040 ‚
1677 1949 1935 2024 convi-

450 2043 628 2118 tium
653 2099 679 2136 ‚
710 2041 1064 2117 excusatio
1081 2097 1108 2136 ,
1127 2042 1575 2135 conciliatio,
1603 2045 1938 2131 maledic-

449 2157 689 2216 torum
714 2138 1097 2218 refutatio:
1128 2141 1367 2218 fimilia
1401 2142 1555 2236 his,
1629 2167 1737 2215 uae
1780 2163 1934 2214 non

451 2240 610 2316 sunt
638 2241 710 2315 in
742 2239 1118 2342 quaestione
1138 2296 1163 2334 ‚
1190 2240 1418 2318 omnis
1437 2265 1601 2341 amp
1627 2238 1890 2317 ificatio
1908 2294 1935 2332 ‚

453 2338 758 2414 minutio
782 2395 806 2433 ‚
836 2365 1049 2415 omne
1089 2341 1369 2433 affectus
1407 2364 1666 2440 genus:
1718 2355 1933 2440 atque

457 2465 547 2518 ca
578 2437 881 2514 maxime
909 2459 940 2491 α
976 2441 1349 2535 jucundam
1378 2440 1459 2513 δι
1491 2454 1811 2514 ornatam
1834 2436 1939 2513 fa-

460 2540 653 2611 ciunt
678 2538 1112 2630 orationem,
1129 2540 1219 2613 de
1246 2538 1517 2612 luxuria
1534 2591 1558 2628 ‚
1580 2537 1672 2608 de
1702 2533 1937 2609 avari·

460 2636 556 2710 tia
577 2637 719 2727 ‚de
747 2635 1132 2733 religione,
1166 2634 1255 2707 de
1279 2634 1562 2708 officiis:
1588 2656 1745 2729 quae
1770 2630 1934 2703 cum
1997 2698 2000 2701 ,

458 2732 587 2805 fint
637 2731 1064 2828 argumentis
1109 2731 1411 2825 subjeEta
1450 2728 1773 2802 fimilium
1815 2752 1936 2801 re·
2056 2790 2067 2798 .

458 2855 615 2906 rum
635 2884 659 2923 ,
699 2836 866 2929 quia
915 2830 1270 2903 cohaerent
1293 2883 1317 2924 ,
1348 2825 1586 2928 egredi
1636 2849 1785 2926 non
1821 2826 1939 2904 vi-

455 2931 733 3005 dentur.

517 3078 551 3111 α
573 3060 750 3113 Malim
763 3055 918 3124 tegete
936 3073 950 3107 z
968 3068 1111 3122 atque
1130 3069 1188 3105 ea
1206 3052 1417 3108 maxime
1430 3070 1529 3123 qua
1547 3051 1823 3122 iucundam,
1837 3056 1938 3107 &c-
