2200 3784
561 162 1149 260 ·146.L1n;-11.
1236 160 1470 238 cn.
1531 131 1872 244 -xv11.‘

561 307 771 382 puam
797 280 990 355 dedit
1016 335 1040 373 ‚
1091 278 1382 390 ejusque
1437 302 1570 354 nos
1620 281 1846 357 socios
1899 282 2042 361 effe

554 403 717 455 cum
741 378 875 451 diis
903 378 1422 451 immortahbus
1451 378 1706 457 voluit.
1734 380 1884 474 Sed
1893 380 2042 480 ipsa

552 475 738 549 ratio
769 501 1003 575 neque
1061 492 1211 548 tam
1247 501 1377 548 nos
1428 475 1768 568 juvarem,
1804 501 2039 579 neque

544 588 700 665 ‚tam
733 573 903 647 effet
938 575 1010 646 in
1046 573 1251 646 nobis
1270 573 1630 648 manifesta
1654 601 1678 664 ;
1698 576 1849 664 nifi,
1878 602 2039 689 quae

549 671 1099 769 concepissemus
1131 688 1367 744 mente
1388 725 1413 761 ‚
1450 695 1780 768 promere
1814 691 2037 750 etiam

540 768 911 870 loquendo
934 768 1280 883 poss'emus
1303 795 1321 842 ε
1344 770 1536 868 quod
1560 765 1778 869 magis
1802 772 2036 850 deess'e

237 943 262 969 ὁ
357 940 389 954 ,,
546 868 817 942 caeteris
845 865 1254 940 ammalibus
1288 921 1311 958 ,
1344 868 1555 965 quain
1602 868 2038 947 intellectum

167 940 515 1073 gunglssssgfsi:
548 967 628 1038 &
659 977 693 1015 ⁴‘
722 965 1223 1064 cogitationem
1265 966 1619 1077 quandam
1672 966 2035 1048 videmus-

171 1073 375 1126 τίουσαι·
549 1065 736 1139 Nam
758 1066 834 1136 &
850 1063 1083 1136 moliri
1098 1061 1352 1139 cubiha
1373 1114 1400 1150 ,
1423 1063 1504 1137 &
1519 1063 1728 1139 nidos
1744 1081 1987 1141 texere
2001 1123 2032 1162 ‚

552 1163 635 1235 &
663 1163 960 1249 educare
980 1161 1196 1235 foetus
1216 1216 1240 1254 ‚
1268 1161 1346 1235 &
1390 1158 1769 1238 excludere
1791 1218 1817 1258 ,
1859 1166 2029 1263 quin

436 1354 445 1361 „
492 1344 499 1351 ‚
548 1260 767 1339 etiam
809 1283 1159 1358 reponere
1193 1259 1264 1331 in
1309 1259 1613 1334 hiemem
1636 1261 1966 1337 alimenta
1998 1317 2028 1358 ,

548 1373 767 1458 opera
791 1358 1112 1457 quaedam
1129 1357 1334 1432 nobis
1350 1357 1786 1433 inimitabilia
1809 1411 1836 1447 ,
1854 1386 2028 1461 qua-

547 1457 645 1531 lia
684 1457 838 1529 sunt
893 1481 1215 1532 cerarum
1248 1460 1325 1532 &
1350 1457 1618 1549 mellis,
1669 1458 1955 1533 efficere
1991 1514 2021 1551 ,

546 1554 947 1629 nonnullius
969 1555 1250 1629 fortaffe
1266 1554 1560 1628 rationis
1572 1554 1699 1629 est:
1719 1554 1837 1629 sed
1851 1554 2023 1656 quia

547 1670 794 1730 carent
842 1652 1163 1727 sermone
1196 1678 1350 1764 quae
1375 1652 1448 1725 id
1477 1651 1740 1729 faciunt
1763 1709 1788 1745 ‚
1823 1672 2021 1730 muta

543 1769 759 1850 atque
775 1750 1669 1847 irrationabihadvocantur.
1686 1751 2019 1851 Denique

540 1848 862 1926 homines
891 1847 1145 1946 quibus
1165 1863 1417 1944 negata
1443 1872 1597 1923 vox
1619 1848 1719 1923 est
1737 1907 1757 1934 ,
1797 1873 2015 1950 quan-

504 2036 509 2042 .
540 1946 764 2031 tulum
781 1943 1068 2038 adjuvat
1085 1944 1356 2016 animus
1380 1944 1502 2017 ille
1525 1945 1820 2031 coelestis
1841 1965 1863 2017 ἓ

554 2056 559 2061 ’
621 2049 863 2134 Quare
889 2041 940 2114 fi
965 2039 1137 2113 nihil
1172 2041 1212 2113 a
1228 2038 1362 2113 diis
1382 2041 1707 2115 oratione
1750 2045 2014 2122 melius

534 2138 936 2238 accepimus
964 2194 988 2232 ,
1016 2138 1186 2238 quid
1208 2138 1354 2211 ta'm
1378 2137 1662 2237 dignum
1697 2140 1891 2216 cultu
1921 2169 2012 2221 ac

540 2238 788 2313 labore
821 2238 1156 2313 ducamus
1193 2239 1222 2314 ³
1256 2251 1379 2310 aut
1403 2235 1475 2309 in
1510 2261 1654 2336 quo
1685 2239 2008 2318 malimus

526 2335 854 2438 praestare
871 2334 1274 2411 hominibus
1291 2391 1316 2430 ‚
1386 2336 1548 2409 uam
1577 2360 1725 2437 quo
1747 2337 1869 2439 ipfi
1888 2338 2013 2413 ho·

532 2436 762 2512 mines
787 2435 1051 2511 caeteris
1083 2434 1364 2509 animali
1418 2435 1876 2533 uspraestant?
1899 2439 2010 2511 Eo

195 2559 500 2675 *zjgimrin
531 2535 820 2639 quidem
849 2534 1109 2633 magiS,
1142 2534 1342 2634 quod
1368 2534 1411 2571 ⁴*
1445 2533 1634 2606 nulla
1683 2533 1759 2606 in
1800 2549 2004 2630 parte

156 2622 261 2674 MS
302 2661 316 2674 ·
363 2629 497 2681 ”⁰¹¹²
527 2633 800 2732 plenius
827 2632 1027 2703 labor
1050 2630 1361 2741 'gratiam
1402 2629 1643 2702 refert.
1687 2631 1764 2701 Id
1814 2632 2007 2707 adeo

482 2812 489 2823 ‚
527 2722 965 2804 manifestum
995 2743 1162 2809 ent,
1190 2725 1239 2797 fi
1269 2724 1810 2822 cogitaverimus
1832 2781 1857 2819 ‚
1881 2722 2006 2802 u'n-

522 2818 648 2919 de,
668 2826 750 2900 δι’
763 2822 1128 2922 quousque
1144 2819 1284 2917 jam
1296 2822 1635 2919 provecta
1647 2821 1727 2894 fit
1742 2818 1998 2904 oran'di

524 2921 816 2999 facultas
841 2974 866 3013 ‚
897 2922 977 2993 &
1011 2919 1241 2996 adhuc
1267 2918 1509 3019 augeri
1531 2918 1782 3017 potest.
1807 2923 1994 3000 Na'm

524 3036 605 3097 ut
628 3018 947 3095 omittam
961 3072 985 3110 ,
1006 3016 1383 3092 defendere
1406 3017 1674 3092 amicos
1695 3070 1722 3106 ,
1741 3043 1993 3120 regere

519 3117 820 3213 consiliis
842 3111 1178 3215 senatum,
1200 3117 1571 3221 populum,
1598 3118 1990 3205 exercitum

152 2692 209 2740 in
226 2704 343 2743 arte.
