2200 3784
414 112 545 191 AN
594 112 1094 192 Rnssfomcz
1148 136 1279 191 su·
1332 131 1512 192 Ans.
1573 140 1701 218 15¹

224 229 519 309 'dicendi
576 233 994 308 exercitatio
1030 233 1345 333 potuerit
1386 250 1657 307 tantum
1683 288 1734 327 ,s
1769 250 1773 255 ·

219 332 810 430 quantuscunque
852 331 1089 430 postea
1148 331 1281 406 fuit
1314 373 1362 426 ·,
1443 331 1710 406 feciffe.

216 430 416 501 Nam
457 428 531 501 id
568 430 1111 526 potentiffimum
1156 430 1458 504 discendi
1488 454 1728 528 genus,
1822 516 1827 521 ‚

219 525 348 600 est.
382 523 523 599 Sed
546 529 625 599 &
647 528 1186 625 praestantiorem
1215 582 1238 622 ‚
1256 527 1304 598 fi
1320 527 1660 601 didicisset
1679 577 1708 613 ,

219 621 545 698 futurum
565 621 762 699 fuifl'e
779 626 1010 700 dicere
1032 624 1221 700 licet.
1247 625 1500 725 Neque
1521 625 1731 721 enim,

221 723 596 805 orationes
646 723 953 797 scribere
981 722 1079 797 est
1132 718 1333 797 ausus
1362 776 1388 814 ‚
1418 739 1496 794 ut
1536 747 1731 796 eum-

218 819 528 893 multum
544 820 833 897 valuiffe
852 822 938 894 in
960 820 1263 896 dicendo
1288 819 1609 911 sciamus.

320 917 568 992 Altera
596 912 696 992 est
724 918 1069 994 calumnia
1096 968 1124 1004 ‚
1168 917 1428 994 nullam
1477 935 1722 1011 artem,

219 1014 406 1089 falfis
425 1014 723 1091 affentiri
750 1015 1199 1114 opinionibus
1218 1070 1243 1111 ,
1271 1016 1434 1116 quia
1460 1004 1726 1092 consti?

220 1114 339 1187 tui
369 1114 505 1189 fine
555 1114 1027 1213 praeceptione
1066 1139 1210 1205 non
1253 1115 1457 1214 possit
1479 1171 1503 1209 ‚
1550 1141 1725 1214 quae-

222 1210 502 1311 semper
519 1237 690 1288 vera
709 1213 824 1287 fit:
845 1213 1249 1288 rhetoricen
1270 1213 1569 1288 affentiri
1587 1215 1708 1286 fal-

217 1309 310 1384 fis
338 1335 525 1385 :non
553 1311 689 1385 effe
725 1311 945 1409 igitur
958 1329 1210 1383 artem.
1239 1313 1296 1380 E
1341 1335 1387 1381 o
1410 1310 1710 1383 rhetori·-⁷

221 1431 367 1483 cen
381 1433 673 1482 nonnun
725 1432 886 1479 uam
905 1405 1145 1477 dicere
1173 1405 1267 1476 fal
1297 1423 1491 1503 apro
1512 1405 1708 1481 veris

152 1510 159 1517 ’
215 1506 623 1583 confitebor
643 1561 667 1599 ‚
726 1502 817 1577 ed
840 1527 983 1593 non
1010 1501 1178 1578 ideo
1205 1500 1279 1575 in
1326 1501 1495 1576 falsa
1572 1527 1708 1576 uo-

213 1629 366 1705 que
389 1603 528 1677 effe
556 1602 889 1698 opinione
913 1600 1295 1676 concedam
1321 1600 1527 1701 :quia
1581 1625 1724 1697 one-0

271 1701 312 1775 ὲ
343 1698 697 1774 diversum
726 1696 822 1773 est
841 1754 866 1794 ‚
892 1698 1011 1772 fibi
1041 1697 1166 1798 ipfi
1202 1699 1374 1799 quid
1414 1699 1641 1777 videri
1672 1756 1699 1795 ,

211 1728 305 1875 {c
332 1814 411 1873 ut
439 1797 557 1871 alii
577 1797 907 1875 videatur
941 1798 1242 1883 efficere.
1263 1800 1447 1873 Nam
1475 1800 1553 1874 &
1572 1799 1698 1874 im·

211 1902 512 2008 perator
535 1896 713 1971 falfis
740 1898 954 1972 utitur
977 1896 1155 1996 saepe
1183 1926 1201 1974 a
1235 1913 1314 1971 ut
1343 1898 1695 1996 Annibal,

220 1996 709 2117 cumjnclusus
755 1998 797 2073 ὲ
838 1997 1051 2072 Fabio
1079 2053 1105 2090 ,
1143 1997 1504 2074 sarmentis
1553 2000 1693 2077 cir-

217 2119 382 2184 cum
409 2121 673 2187 cornua
701 2096 918 2172 boum
940 2097 1259 2198 deligatis
1282 2152 1306 2190 ,
1363 2096 1714 2197 incensis·=
1777 2136 1779 2138 ’
1821 2184 1827 2191 ,

221 2219 359 2296 que
388 2250 412 2288 ,
450 2219 578 2296 per
615 2197 893 2270 noctem
929 2197 1002 2270 in
1043 2195 1379 2273 adversos
1416 2216 1695 2273 montes

218 2319 429 2395 agens
461 2309 780 2367 armenta
799 2346 821 2383 ,
843 2293 883 2365 s
922 2292 1147 2368 eciem
1166 2291 1349 2365 hosti
1371 2294 1696 2368 abeuntis

217 2390 571 2472 exercitus
591 2388 787 2460 dedit
812 2412 837 2472 ;
899 2388 986 2459 ed
1011 2386 1208 2459 illum
1232 2385 1478 2459 fefellit
1500 2415 1526 2478 3
1548 2390 1571 2460 i
1624 2392 1695 2464 se

184 2487 396 2588 ’quid
420 2505 676 2561 verum
706 2482 917 2574 effet,
944 2505 1089 2555 non
1120 2482 1495 2582 ignoravit.
1610 2510 1695 2559 ec
1803 2511 1920 2569 ναι.
1941 2516 1979 2570 ι.
2004 2532 2067 2582 4.

174 2660 179 2667 ,
217 2579 1694 2682 veroTheopompusLacedaemonius,cum
1727 2594 1770 2630 ⁶·
1820 2584 1872 2632 ὅ·

214 2696 616 2787 permutato
637 2707 793 2758 cum
816 2706 1037 2755 uxore
1057 2679 1299 2755 habitu
1315 2680 1356 2755 ὲ
1378 2680 1691 2758 custodia

210 2800 291 2858 ut
318 2781 571 2857 mulier
614 2780 872 2872 evafit,
913 2779 1156 2854 falsam
1187 2779 1276 2855 de
1314 2779 1383 2855 se
1402 2780 1691 2880 opinio-

213 2906 376 2956 nem
406 2876 655 2954 habuit
687 2934 712 2972 ,
759 2879 877 2953 sed
925 2877 1324 2977 custodibus
1363 2878 1685 2980 praebuit.

217 2981 395 3050 Item
418 2996 662 3051 orator
690 2978 848 3052 cum
871 2977 1040 3050 falso
1070 2976 1289 3050 utitur
1314 3002 1447 3074 pro
1474 3001 1687 3070 vero,

214 3073 340 3153 scit
360 3074 494 3151 effe
516 3074 757 3156 falsum
772 3131 800 3179 ,
820 3074 1055 3199 eoque
1080 3075 1150 3152 se
1175 3097 1309 3245 Ρὲ)
1325 3098 1513 3253 ἔξω
1534 3075 1638 3154 uti
1654 3101 1689 3181 3-

1767 1781 1893 1835 'Lian
1918 1783 1958 1836 l.
1976 1795 2081 1840 κεῖ

1728 1870 1777 1903 η.
1800 1857 1875 1905 ισ.
1897 1848 2039 1919 6⁰17.
